%YAML 1.1
%TAG !u! tag:unity3d.com,2011:
--- !u!1 &338131811553568726
GameObject:
  m_ObjectHideFlags: 0
  m_CorrespondingSourceObject: {fileID: 0}
  m_PrefabInstance: {fileID: 0}
  m_PrefabAsset: {fileID: 0}
  serializedVersion: 6
  m_Component:
  - component: {fileID: 4376614841954479628}
  m_Layer: 0
  m_Name: PT_Medieval_Male_RightHandPinky3
  m_TagString: Untagged
  m_Icon: {fileID: 0}
  m_NavMeshLayer: 0
  m_StaticEditorFlags: 0
  m_IsActive: 1
--- !u!4 &4376614841954479628
Transform:
  m_ObjectHideFlags: 0
  m_CorrespondingSourceObject: {fileID: 0}
  m_PrefabInstance: {fileID: 0}
  m_PrefabAsset: {fileID: 0}
  m_GameObject: {fileID: 338131811553568726}
  m_LocalRotation: {x: -0.011456637, y: -1.1129494e-18, z: -7.313668e-18, w: 0.9999344}
  m_LocalPosition: {x: -0.0017718279, y: -0.02494427, z: 0.002165765}
  m_LocalScale: {x: 1, y: 1, z: 1}
  m_Children: []
  m_Father: {fileID: 8191023884720938750}
  m_RootOrder: 0
  m_LocalEulerAnglesHint: {x: 0, y: 0, z: 0}
--- !u!1 &538460792088694875
GameObject:
  m_ObjectHideFlags: 0
  m_CorrespondingSourceObject: {fileID: 0}
  m_PrefabInstance: {fileID: 0}
  m_PrefabAsset: {fileID: 0}
  serializedVersion: 6
  m_Component:
  - component: {fileID: 9084428133404171458}
  m_Layer: 0
  m_Name: PT_Medieval_Male_LeftHandRing3
  m_TagString: Untagged
  m_Icon: {fileID: 0}
  m_NavMeshLayer: 0
  m_StaticEditorFlags: 0
  m_IsActive: 1
--- !u!4 &9084428133404171458
Transform:
  m_ObjectHideFlags: 0
  m_CorrespondingSourceObject: {fileID: 0}
  m_PrefabInstance: {fileID: 0}
  m_PrefabAsset: {fileID: 0}
  m_GameObject: {fileID: 538460792088694875}
  m_LocalRotation: {x: 0.041252065, y: -2.2899499e-18, z: 1.2594722e-17, w: 0.9991488}
  m_LocalPosition: {x: -0.003418394, y: 0.036755748, z: 0.003168397}
  m_LocalScale: {x: 1, y: 1, z: 1}
  m_Children: []
  m_Father: {fileID: 5151091426044470474}
  m_RootOrder: 0
  m_LocalEulerAnglesHint: {x: 0, y: 0, z: 0}
--- !u!1 &848193919331756076
GameObject:
  m_ObjectHideFlags: 0
  m_CorrespondingSourceObject: {fileID: 0}
  m_PrefabInstance: {fileID: 0}
  m_PrefabAsset: {fileID: 0}
  serializedVersion: 6
  m_Component:
  - component: {fileID: 5151091426044470474}
  m_Layer: 0
  m_Name: PT_Medieval_Male_LeftHandRing2
  m_TagString: Untagged
  m_Icon: {fileID: 0}
  m_NavMeshLayer: 0
  m_StaticEditorFlags: 0
  m_IsActive: 1
--- !u!4 &5151091426044470474
Transform:
  m_ObjectHideFlags: 0
  m_CorrespondingSourceObject: {fileID: 0}
  m_PrefabInstance: {fileID: 0}
  m_PrefabAsset: {fileID: 0}
  m_GameObject: {fileID: 848193919331756076}
  m_LocalRotation: {x: 0.047358062, y: -3.943351e-18, z: 1.4458953e-17, w: 0.998878}
  m_LocalPosition: {x: -0.00445843, y: 0.04005795, z: -0.0016473439}
  m_LocalScale: {x: 1, y: 1, z: 1}
  m_Children:
  - {fileID: 9084428133404171458}
  m_Father: {fileID: 5342737693608773388}
  m_RootOrder: 0
  m_LocalEulerAnglesHint: {x: 0, y: 0, z: 0}
--- !u!1 &1160475058797989547
GameObject:
  m_ObjectHideFlags: 0
  m_CorrespondingSourceObject: {fileID: 0}
  m_PrefabInstance: {fileID: 0}
  m_PrefabAsset: {fileID: 0}
  serializedVersion: 6
  m_Component:
  - component: {fileID: 3046176285196597938}
  m_Layer: 0
  m_Name: PT_Medieval_Male_LeftHandMiddle2
  m_TagString: Untagged
  m_Icon: {fileID: 0}
  m_NavMeshLayer: 0
  m_StaticEditorFlags: 0
  m_IsActive: 1
--- !u!4 &3046176285196597938
Transform:
  m_ObjectHideFlags: 0
  m_CorrespondingSourceObject: {fileID: 0}
  m_PrefabInstance: {fileID: 0}
  m_PrefabAsset: {fileID: 0}
  m_GameObject: {fileID: 1160475058797989547}
  m_LocalRotation: {x: 0.1192209, y: -1.8199744e-17, z: 2.97814e-17, w: 0.99286777}
  m_LocalPosition: {x: -0.001068698, y: 0.04306795, z: -0.001119482}
  m_LocalScale: {x: 1, y: 1, z: 1}
  m_Children:
  - {fileID: 3086062845492126947}
  m_Father: {fileID: 8630867274090489500}
  m_RootOrder: 0
  m_LocalEulerAnglesHint: {x: 0, y: 0, z: 0}
--- !u!1 &1411950444703531226
GameObject:
  m_ObjectHideFlags: 0
  m_CorrespondingSourceObject: {fileID: 0}
  m_PrefabInstance: {fileID: 0}
  m_PrefabAsset: {fileID: 0}
  serializedVersion: 6
  m_Component:
  - component: {fileID: 3175332516888522064}
  m_Layer: 0
  m_Name: PT_Medieval_Male_Hips
  m_TagString: Untagged
  m_Icon: {fileID: 0}
  m_NavMeshLayer: 0
  m_StaticEditorFlags: 0
  m_IsActive: 1
--- !u!4 &3175332516888522064
Transform:
  m_ObjectHideFlags: 0
  m_CorrespondingSourceObject: {fileID: 0}
  m_PrefabInstance: {fileID: 0}
  m_PrefabAsset: {fileID: 0}
  m_GameObject: {fileID: 1411950444703531226}
  m_LocalRotation: {x: 0, y: -0, z: -0, w: 1}
  m_LocalPosition: {x: -0, y: 1.0312519, z: 0.01863602}
  m_LocalScale: {x: 1, y: 1, z: 1}
  m_Children:
  - {fileID: 2179289617923288712}
  - {fileID: 6446498822410928813}
  - {fileID: 2904371856501764875}
  m_Father: {fileID: 8489708120898135493}
  m_RootOrder: 0
  m_LocalEulerAnglesHint: {x: 0, y: 0, z: 0}
--- !u!1 &1549844334108978897
GameObject:
  m_ObjectHideFlags: 0
  m_CorrespondingSourceObject: {fileID: 0}
  m_PrefabInstance: {fileID: 0}
  m_PrefabAsset: {fileID: 0}
  serializedVersion: 6
  m_Component:
  - component: {fileID: 2519157644321852124}
  m_Layer: 0
  m_Name: PT_Medieval_Male_RightHand
  m_TagString: Untagged
  m_Icon: {fileID: 0}
  m_NavMeshLayer: 0
  m_StaticEditorFlags: 0
  m_IsActive: 1
--- !u!4 &2519157644321852124
Transform:
  m_ObjectHideFlags: 0
  m_CorrespondingSourceObject: {fileID: 0}
  m_PrefabInstance: {fileID: 0}
  m_PrefabAsset: {fileID: 0}
  m_GameObject: {fileID: 1549844334108978897}
  m_LocalRotation: {x: 0.023698647, y: 0.02361606, z: 0.047987882, w: 0.99828744}
  m_LocalPosition: {x: -0.0059546665, y: -0.2618944, z: -0.01294417}
  m_LocalScale: {x: 1, y: 1, z: 1}
  m_Children:
  - {fileID: 866385897478607995}
  - {fileID: 3900881091745428524}
  - {fileID: 5413717333075637315}
  - {fileID: 5763644112446418264}
  - {fileID: 3449673545117924016}
  - {fileID: 6651731212123945100}
  m_Father: {fileID: 8074918467250251974}
  m_RootOrder: 0
  m_LocalEulerAnglesHint: {x: 0, y: 0, z: 0}
--- !u!1 &1593897099703336804
GameObject:
  m_ObjectHideFlags: 0
  m_CorrespondingSourceObject: {fileID: 0}
  m_PrefabInstance: {fileID: 0}
  m_PrefabAsset: {fileID: 0}
  serializedVersion: 6
  m_Component:
  - component: {fileID: 3892135972878066864}
  m_Layer: 0
  m_Name: PT_Medieval_Male_RightArm
  m_TagString: Untagged
  m_Icon: {fileID: 0}
  m_NavMeshLayer: 0
  m_StaticEditorFlags: 0
  m_IsActive: 1
--- !u!4 &3892135972878066864
Transform:
  m_ObjectHideFlags: 0
  m_CorrespondingSourceObject: {fileID: 0}
  m_PrefabInstance: {fileID: 0}
  m_PrefabAsset: {fileID: 0}
  m_GameObject: {fileID: 1593897099703336804}
  m_LocalRotation: {x: -0.037783094, y: -0.00013922794, z: 0.0036822709, w: 0.9992792}
  m_LocalPosition: {x: -0.0030670508, y: -0.1171589, z: 0.02757852}
  m_LocalScale: {x: 1, y: 1, z: 1}
  m_Children:
  - {fileID: 8074918467250251974}
  m_Father: {fileID: 5547074721053377527}
  m_RootOrder: 0
  m_LocalEulerAnglesHint: {x: 0, y: 0, z: 0}
--- !u!1 &1689616155298673863
GameObject:
  m_ObjectHideFlags: 0
  m_CorrespondingSourceObject: {fileID: 0}
  m_PrefabInstance: {fileID: 0}
  m_PrefabAsset: {fileID: 0}
  serializedVersion: 6
  m_Component:
  - component: {fileID: 5498956489089540358}
  m_Layer: 0
  m_Name: PT_Medieval_Male_Spine2
  m_TagString: Untagged
  m_Icon: {fileID: 0}
  m_NavMeshLayer: 0
  m_StaticEditorFlags: 0
  m_IsActive: 1
--- !u!4 &5498956489089540358
Transform:
  m_ObjectHideFlags: 0
  m_CorrespondingSourceObject: {fileID: 0}
  m_PrefabInstance: {fileID: 0}
  m_PrefabAsset: {fileID: 0}
  m_GameObject: {fileID: 1689616155298673863}
  m_LocalRotation: {x: 0, y: -0, z: -0, w: 1}
  m_LocalPosition: {x: -0, y: 0.117735796, z: -0.003096688}
  m_LocalScale: {x: 1, y: 1, z: 1}
  m_Children:
  - {fileID: 4040603288822990416}
  m_Father: {fileID: 2904371856501764875}
  m_RootOrder: 0
  m_LocalEulerAnglesHint: {x: 0, y: 0, z: 0}
--- !u!1 &2095111480884740063
GameObject:
  m_ObjectHideFlags: 0
  m_CorrespondingSourceObject: {fileID: 0}
  m_PrefabInstance: {fileID: 0}
  m_PrefabAsset: {fileID: 0}
  serializedVersion: 6
  m_Component:
  - component: {fileID: 3086062845492126947}
  m_Layer: 0
  m_Name: PT_Medieval_Male_LeftHandMiddle3
  m_TagString: Untagged
  m_Icon: {fileID: 0}
  m_NavMeshLayer: 0
  m_StaticEditorFlags: 0
  m_IsActive: 1
--- !u!4 &3086062845492126947
Transform:
  m_ObjectHideFlags: 0
  m_CorrespondingSourceObject: {fileID: 0}
  m_PrefabInstance: {fileID: 0}
  m_PrefabAsset: {fileID: 0}
  m_GameObject: {fileID: 2095111480884740063}
  m_LocalRotation: {x: 0.045742027, y: -2.5391926e-18, z: 1.3965558e-17, w: 0.9989533}
  m_LocalPosition: {x: -0.002373535, y: 0.03550315, z: 0.0069762617}
  m_LocalScale: {x: 1, y: 1, z: 1}
  m_Children: []
  m_Father: {fileID: 3046176285196597938}
  m_RootOrder: 0
  m_LocalEulerAnglesHint: {x: 0, y: 0, z: 0}
--- !u!1 &2201992073842824605
GameObject:
  m_ObjectHideFlags: 0
  m_CorrespondingSourceObject: {fileID: 0}
  m_PrefabInstance: {fileID: 0}
  m_PrefabAsset: {fileID: 0}
  serializedVersion: 6
  m_Component:
  - component: {fileID: 5342737693608773388}
  m_Layer: 0
  m_Name: PT_Medieval_Male_LeftHandRing1
  m_TagString: Untagged
  m_Icon: {fileID: 0}
  m_NavMeshLayer: 0
  m_StaticEditorFlags: 0
  m_IsActive: 1
--- !u!4 &5342737693608773388
Transform:
  m_ObjectHideFlags: 0
  m_CorrespondingSourceObject: {fileID: 0}
  m_PrefabInstance: {fileID: 0}
  m_PrefabAsset: {fileID: 0}
  m_GameObject: {fileID: 2201992073842824605}
  m_LocalRotation: {x: 0.1255726, y: -0.009746213, z: -0.076765224, w: 0.989062}
  m_LocalPosition: {x: -0.020498829, y: 0.10116939, z: -0.009756999}
  m_LocalScale: {x: 1, y: 1, z: 1}
  m_Children:
  - {fileID: 5151091426044470474}
  m_Father: {fileID: 3219068744626818040}
  m_RootOrder: 3
  m_LocalEulerAnglesHint: {x: 0, y: 0, z: 0}
--- !u!1 &2267149798445047442
GameObject:
  m_ObjectHideFlags: 0
  m_CorrespondingSourceObject: {fileID: 0}
  m_PrefabInstance: {fileID: 0}
  m_PrefabAsset: {fileID: 0}
  serializedVersion: 6
  m_Component:
  - component: {fileID: 1389432167900867805}
  m_Layer: 0
  m_Name: PT_Medieval_Male_LeftCape2
  m_TagString: Untagged
  m_Icon: {fileID: 0}
  m_NavMeshLayer: 0
  m_StaticEditorFlags: 0
  m_IsActive: 1
--- !u!4 &1389432167900867805
Transform:
  m_ObjectHideFlags: 0
  m_CorrespondingSourceObject: {fileID: 0}
  m_PrefabInstance: {fileID: 0}
  m_PrefabAsset: {fileID: 0}
  m_GameObject: {fileID: 2267149798445047442}
  m_LocalRotation: {x: 0, y: -0, z: -0, w: 1}
  m_LocalPosition: {x: 0.00825, y: 0.36404753, z: 0.04708202}
  m_LocalScale: {x: 1, y: 1, z: 1}
  m_Children:
  - {fileID: 2876537147368115935}
  m_Father: {fileID: 2876943403435358071}
  m_RootOrder: 0
  m_LocalEulerAnglesHint: {x: 0, y: 0, z: 0}
--- !u!1 &2635316258034601942
GameObject:
  m_ObjectHideFlags: 0
  m_CorrespondingSourceObject: {fileID: 0}
  m_PrefabInstance: {fileID: 0}
  m_PrefabAsset: {fileID: 0}
  serializedVersion: 6
  m_Component:
  - component: {fileID: 4041127869954972574}
  m_Layer: 0
  m_Name: PT_Medieval_Male_LeftHandThumb1
  m_TagString: Untagged
  m_Icon: {fileID: 0}
  m_NavMeshLayer: 0
  m_StaticEditorFlags: 0
  m_IsActive: 1
--- !u!4 &4041127869954972574
Transform:
  m_ObjectHideFlags: 0
  m_CorrespondingSourceObject: {fileID: 0}
  m_PrefabInstance: {fileID: 0}
  m_PrefabAsset: {fileID: 0}
  m_GameObject: {fileID: 2635316258034601942}
  m_LocalRotation: {x: 0.16680421, y: -0.049394064, z: -0.27960357, w: 0.94422376}
  m_LocalPosition: {x: 0.03964193, y: 0.03202919, z: 0.017623939}
  m_LocalScale: {x: 1, y: 1, z: 1}
  m_Children:
  - {fileID: 576656789941050139}
  m_Father: {fileID: 3219068744626818040}
  m_RootOrder: 4
  m_LocalEulerAnglesHint: {x: 0, y: 0, z: 0}
--- !u!1 &2764137219143526054
GameObject:
  m_ObjectHideFlags: 0
  m_CorrespondingSourceObject: {fileID: 0}
  m_PrefabInstance: {fileID: 0}
  m_PrefabAsset: {fileID: 0}
  serializedVersion: 6
  m_Component:
  - component: {fileID: 4034042940945137534}
  m_Layer: 0
  m_Name: PT_Medieval_Male_RightCape3
  m_TagString: Untagged
  m_Icon: {fileID: 0}
  m_NavMeshLayer: 0
  m_StaticEditorFlags: 0
  m_IsActive: 1
--- !u!4 &4034042940945137534
Transform:
  m_ObjectHideFlags: 0
  m_CorrespondingSourceObject: {fileID: 0}
  m_PrefabInstance: {fileID: 0}
  m_PrefabAsset: {fileID: 0}
  m_GameObject: {fileID: 2764137219143526054}
  m_LocalRotation: {x: 0, y: -0, z: -0, w: 1}
  m_LocalPosition: {x: 0.005683145, y: -0.35933653, z: -0.0360173}
  m_LocalScale: {x: 1, y: 1, z: 1}
  m_Children:
  - {fileID: 7429567922849592198}
  m_Father: {fileID: 2891165898115810077}
  m_RootOrder: 0
  m_LocalEulerAnglesHint: {x: 0, y: 0, z: 0}
--- !u!1 &2811895394046075554
GameObject:
  m_ObjectHideFlags: 0
  m_CorrespondingSourceObject: {fileID: 0}
  m_PrefabInstance: {fileID: 0}
  m_PrefabAsset: {fileID: 0}
  serializedVersion: 6
  m_Component:
  - component: {fileID: 2904371856501764875}
  m_Layer: 0
  m_Name: PT_Medieval_Male_Spine
  m_TagString: Untagged
  m_Icon: {fileID: 0}
  m_NavMeshLayer: 0
  m_StaticEditorFlags: 0
  m_IsActive: 1
--- !u!4 &2904371856501764875
Transform:
  m_ObjectHideFlags: 0
  m_CorrespondingSourceObject: {fileID: 0}
  m_PrefabInstance: {fileID: 0}
  m_PrefabAsset: {fileID: 0}
  m_GameObject: {fileID: 2811895394046075554}
  m_LocalRotation: {x: -0.054553226, y: 0, z: -0, w: 0.9985109}
  m_LocalPosition: {x: -0, y: 0.083521955, z: -0.007203121}
  m_LocalScale: {x: 1, y: 1, z: 1}
  m_Children:
  - {fileID: 5498956489089540358}
  m_Father: {fileID: 3175332516888522064}
  m_RootOrder: 2
  m_LocalEulerAnglesHint: {x: 0, y: 0, z: 0}
--- !u!1 &2815468437481486205
GameObject:
  m_ObjectHideFlags: 0
  m_CorrespondingSourceObject: {fileID: 0}
  m_PrefabInstance: {fileID: 0}
  m_PrefabAsset: {fileID: 0}
  serializedVersion: 6
  m_Component:
  - component: {fileID: 498159055472106438}
  m_Layer: 0
  m_Name: PT_Medieval_Male_LeftArm
  m_TagString: Untagged
  m_Icon: {fileID: 0}
  m_NavMeshLayer: 0
  m_StaticEditorFlags: 0
  m_IsActive: 1
--- !u!4 &498159055472106438
Transform:
  m_ObjectHideFlags: 0
  m_CorrespondingSourceObject: {fileID: 0}
  m_PrefabInstance: {fileID: 0}
  m_PrefabAsset: {fileID: 0}
  m_GameObject: {fileID: 2815468437481486205}
  m_LocalRotation: {x: -0.037783094, y: -0.00013922794, z: 0.0036822709, w: 0.9992792}
  m_LocalPosition: {x: 0.0030670508, y: 0.1171589, z: -0.02757852}
  m_LocalScale: {x: 1, y: 1, z: 1}
  m_Children:
  - {fileID: 6077240590584099038}
  m_Father: {fileID: 7387955371322523611}
  m_RootOrder: 0
  m_LocalEulerAnglesHint: {x: 0, y: 0, z: 0}
--- !u!1 &2978833894469435236
GameObject:
  m_ObjectHideFlags: 0
  m_CorrespondingSourceObject: {fileID: 0}
  m_PrefabInstance: {fileID: 0}
  m_PrefabAsset: {fileID: 0}
  serializedVersion: 6
  m_Component:
  - component: {fileID: 1470431732244878949}
  m_Layer: 0
  m_Name: PT_Medieval_Male_LeftHandPinky1
  m_TagString: Untagged
  m_Icon: {fileID: 0}
  m_NavMeshLayer: 0
  m_StaticEditorFlags: 0
  m_IsActive: 1
--- !u!4 &1470431732244878949
Transform:
  m_ObjectHideFlags: 0
  m_CorrespondingSourceObject: {fileID: 0}
  m_PrefabInstance: {fileID: 0}
  m_PrefabAsset: {fileID: 0}
  m_GameObject: {fileID: 2978833894469435236}
  m_LocalRotation: {x: 0.20583394, y: 0.007591522, z: 0.03606642, w: 0.97789264}
  m_LocalPosition: {x: -0.04289961, y: 0.094950385, z: -0.003127618}
  m_LocalScale: {x: 1, y: 1, z: 1}
  m_Children:
  - {fileID: 2651893818544597881}
  m_Father: {fileID: 3219068744626818040}
  m_RootOrder: 2
  m_LocalEulerAnglesHint: {x: 0, y: 0, z: 0}
--- !u!1 &3163923508871721325
GameObject:
  m_ObjectHideFlags: 0
  m_CorrespondingSourceObject: {fileID: 0}
  m_PrefabInstance: {fileID: 0}
  m_PrefabAsset: {fileID: 0}
  serializedVersion: 6
  m_Component:
  - component: {fileID: 2876943403435358071}
  m_Layer: 0
  m_Name: PT_Medieval_Male_LeftCape
  m_TagString: Untagged
  m_Icon: {fileID: 0}
  m_NavMeshLayer: 0
  m_StaticEditorFlags: 0
  m_IsActive: 1
--- !u!4 &2876943403435358071
Transform:
  m_ObjectHideFlags: 0
  m_CorrespondingSourceObject: {fileID: 0}
  m_PrefabInstance: {fileID: 0}
  m_PrefabAsset: {fileID: 0}
  m_GameObject: {fileID: 3163923508871721325}
  m_LocalRotation: {x: 1, y: 0, z: 0, w: -6.123234e-17}
  m_LocalPosition: {x: -0.11146, y: 0.08650225, z: -0.14882876}
  m_LocalScale: {x: 1, y: 1, z: 1}
  m_Children:
  - {fileID: 1389432167900867805}
  m_Father: {fileID: 4040603288822990416}
  m_RootOrder: 0
  m_LocalEulerAnglesHint: {x: 0, y: 0, z: 0}
--- !u!1 &3279304594275949140
GameObject:
  m_ObjectHideFlags: 0
  m_CorrespondingSourceObject: {fileID: 0}
  m_PrefabInstance: {fileID: 0}
  m_PrefabAsset: {fileID: 0}
  serializedVersion: 6
  m_Component:
  - component: {fileID: 6446498822410928813}
  m_Layer: 0
  m_Name: PT_Medieval_Male_RightUpLeg
  m_TagString: Untagged
  m_Icon: {fileID: 0}
  m_NavMeshLayer: 0
  m_StaticEditorFlags: 0
  m_IsActive: 1
--- !u!4 &6446498822410928813
Transform:
  m_ObjectHideFlags: 0
  m_CorrespondingSourceObject: {fileID: 0}
  m_PrefabInstance: {fileID: 0}
  m_PrefabAsset: {fileID: 0}
  m_GameObject: {fileID: 3279304594275949140}
  m_LocalRotation: {x: 0.0001680367, y: 0.0068344786, z: 0.99967456, w: -0.024578491}
  m_LocalPosition: {x: 0.07351148, y: -0.09832772, z: -0.0103433}
  m_LocalScale: {x: 1, y: 1, z: 1}
  m_Children:
  - {fileID: 4062821442524281977}
  - {fileID: 2217243928641363651}
  m_Father: {fileID: 3175332516888522064}
  m_RootOrder: 1
  m_LocalEulerAnglesHint: {x: 0, y: 0, z: 0}
--- !u!1 &3362195218415828067
GameObject:
  m_ObjectHideFlags: 0
  m_CorrespondingSourceObject: {fileID: 0}
  m_PrefabInstance: {fileID: 0}
  m_PrefabAsset: {fileID: 0}
  serializedVersion: 6
  m_Component:
  - component: {fileID: 2194866584591044793}
  m_Layer: 0
  m_Name: PT_Medieval_Male_LeftHandPinky3
  m_TagString: Untagged
  m_Icon: {fileID: 0}
  m_NavMeshLayer: 0
  m_StaticEditorFlags: 0
  m_IsActive: 1
--- !u!4 &2194866584591044793
Transform:
  m_ObjectHideFlags: 0
  m_CorrespondingSourceObject: {fileID: 0}
  m_PrefabInstance: {fileID: 0}
  m_PrefabAsset: {fileID: 0}
  m_GameObject: {fileID: 3362195218415828067}
  m_LocalRotation: {x: -0.011456637, y: 1.7489206e-18, z: 4.439721e-28, w: 0.9999344}
  m_LocalPosition: {x: 0.0017718279, y: 0.02494427, z: -0.002165765}
  m_LocalScale: {x: 1, y: 1, z: 1}
  m_Children: []
  m_Father: {fileID: 2651893818544597881}
  m_RootOrder: 0
  m_LocalEulerAnglesHint: {x: 0, y: 0, z: 0}
--- !u!1 &3536037484047844360
GameObject:
  m_ObjectHideFlags: 0
  m_CorrespondingSourceObject: {fileID: 0}
  m_PrefabInstance: {fileID: 0}
  m_PrefabAsset: {fileID: 0}
  serializedVersion: 6
  m_Component:
  - component: {fileID: 866385897478607995}
  m_Layer: 0
  m_Name: PT_Medieval_Male_Right_Hand_Weapon_slot
  m_TagString: Untagged
  m_Icon: {fileID: 0}
  m_NavMeshLayer: 0
  m_StaticEditorFlags: 0
  m_IsActive: 1
--- !u!4 &866385897478607995
Transform:
  m_ObjectHideFlags: 0
  m_CorrespondingSourceObject: {fileID: 0}
  m_PrefabInstance: {fileID: 0}
  m_PrefabAsset: {fileID: 0}
  m_GameObject: {fileID: 3536037484047844360}
  m_LocalRotation: {x: 0.6502353, y: 0.7249252, z: -0.18280269, w: 0.13513213}
  m_LocalPosition: {x: -0.0193496, y: -0.099109754, z: -0.02339942}
  m_LocalScale: {x: 1, y: 1, z: 1}
  m_Children: []
  m_Father: {fileID: 2519157644321852124}
  m_RootOrder: 0
  m_LocalEulerAnglesHint: {x: 0, y: 0, z: 0}
--- !u!1 &3654841268779976342
GameObject:
  m_ObjectHideFlags: 0
  m_CorrespondingSourceObject: {fileID: 0}
  m_PrefabInstance: {fileID: 0}
  m_PrefabAsset: {fileID: 0}
  serializedVersion: 6
  m_Component:
  - component: {fileID: 4062821442524281977}
  m_Layer: 0
  m_Name: PT_Medieval_Male_RightLeg
  m_TagString: Untagged
  m_Icon: {fileID: 0}
  m_NavMeshLayer: 0
  m_StaticEditorFlags: 0
  m_IsActive: 1
--- !u!4 &4062821442524281977
Transform:
  m_ObjectHideFlags: 0
  m_CorrespondingSourceObject: {fileID: 0}
  m_PrefabInstance: {fileID: 0}
  m_PrefabAsset: {fileID: 0}
  m_GameObject: {fileID: 3654841268779976342}
  m_LocalRotation: {x: -0.019684935, y: 0.0006116889, z: -0.031052949, w: 0.9993237}
  m_LocalPosition: {x: -0.0025030198, y: 0.4204197, z: 0.005846788}
  m_LocalScale: {x: 1, y: 1, z: 1}
  m_Children:
  - {fileID: 7232979859944655117}
  m_Father: {fileID: 6446498822410928813}
  m_RootOrder: 0
  m_LocalEulerAnglesHint: {x: 0, y: 0, z: 0}
--- !u!1 &3673513019897886425
GameObject:
  m_ObjectHideFlags: 0
  m_CorrespondingSourceObject: {fileID: 0}
  m_PrefabInstance: {fileID: 0}
  m_PrefabAsset: {fileID: 0}
  serializedVersion: 6
  m_Component:
  - component: {fileID: 5391000299717779225}
  m_Layer: 0
  m_Name: PT_Medieval_Male_Small_Shield_slot
  m_TagString: Untagged
  m_Icon: {fileID: 0}
  m_NavMeshLayer: 0
  m_StaticEditorFlags: 0
  m_IsActive: 1
--- !u!4 &5391000299717779225
Transform:
  m_ObjectHideFlags: 0
  m_CorrespondingSourceObject: {fileID: 0}
  m_PrefabInstance: {fileID: 0}
  m_PrefabAsset: {fileID: 0}
  m_GameObject: {fileID: 3673513019897886425}
  m_LocalRotation: {x: 0.71049285, y: 0.6963923, z: 0.076266795, w: -0.066491}
  m_LocalPosition: {x: -0.008307498, y: 0.34597677, z: 0.002939763}
  m_LocalScale: {x: 1, y: 1, z: 1}
  m_Children: []
  m_Father: {fileID: 6077240590584099038}
  m_RootOrder: 4
  m_LocalEulerAnglesHint: {x: 0, y: 0, z: 0}
--- !u!1 &4107585337093408821
GameObject:
  m_ObjectHideFlags: 0
  m_CorrespondingSourceObject: {fileID: 0}
  m_PrefabInstance: {fileID: 0}
  m_PrefabAsset: {fileID: 0}
  serializedVersion: 6
  m_Component:
  - component: {fileID: 4355500406115857939}
  m_Layer: 0
  m_Name: PT_Medieval_Male_Medium_Shield_slot
  m_TagString: Untagged
  m_Icon: {fileID: 0}
  m_NavMeshLayer: 0
  m_StaticEditorFlags: 0
  m_IsActive: 1
--- !u!4 &4355500406115857939
Transform:
  m_ObjectHideFlags: 0
  m_CorrespondingSourceObject: {fileID: 0}
  m_PrefabInstance: {fileID: 0}
  m_PrefabAsset: {fileID: 0}
  m_GameObject: {fileID: 4107585337093408821}
  m_LocalRotation: {x: 0.70922714, y: 0.6900211, z: 0.14373127, w: 0.014462725}
  m_LocalPosition: {x: 0.00076269294, y: 0.35668078, z: -0.003686358}
  m_LocalScale: {x: 1, y: 1, z: 1}
  m_Children: []
  m_Father: {fileID: 6077240590584099038}
  m_RootOrder: 3
  m_LocalEulerAnglesHint: {x: 0, y: 0, z: 0}
--- !u!1 &4501377553459278279
GameObject:
  m_ObjectHideFlags: 0
  m_CorrespondingSourceObject: {fileID: 0}
  m_PrefabInstance: {fileID: 0}
  m_PrefabAsset: {fileID: 0}
  serializedVersion: 6
  m_Component:
  - component: {fileID: 6162845983548760042}
  m_Layer: 0
  m_Name: PT_Medieval_Male_Head
  m_TagString: Untagged
  m_Icon: {fileID: 0}
  m_NavMeshLayer: 0
  m_StaticEditorFlags: 0
  m_IsActive: 1
--- !u!4 &6162845983548760042
Transform:
  m_ObjectHideFlags: 0
  m_CorrespondingSourceObject: {fileID: 0}
  m_PrefabInstance: {fileID: 0}
  m_PrefabAsset: {fileID: 0}
  m_GameObject: {fileID: 4501377553459278279}
  m_LocalRotation: {x: 0, y: -0, z: -0, w: 1}
  m_LocalPosition: {x: -0, y: 0.09119416, z: 0.024500811}
  m_LocalScale: {x: 1, y: 1, z: 1}
  m_Children:
  - {fileID: 5420540651440511328}
  m_Father: {fileID: 3034467573199355290}
  m_RootOrder: 0
  m_LocalEulerAnglesHint: {x: 0, y: 0, z: 0}
--- !u!1 &4619641465784149233
GameObject:
  m_ObjectHideFlags: 0
  m_CorrespondingSourceObject: {fileID: 0}
  m_PrefabInstance: {fileID: 0}
  m_PrefabAsset: {fileID: 0}
  serializedVersion: 6
  m_Component:
  - component: {fileID: 6997390155351392084}
  m_Layer: 0
  m_Name: PT_Medieval_Male_LeftToe
  m_TagString: Untagged
  m_Icon: {fileID: 0}
  m_NavMeshLayer: 0
  m_StaticEditorFlags: 0
  m_IsActive: 1
--- !u!4 &6997390155351392084
Transform:
  m_ObjectHideFlags: 0
  m_CorrespondingSourceObject: {fileID: 0}
  m_PrefabInstance: {fileID: 0}
  m_PrefabAsset: {fileID: 0}
  m_GameObject: {fileID: 4619641465784149233}
  m_LocalRotation: {x: 0.31465903, y: 0.08886059, z: -0.02960152, w: 0.94457257}
  m_LocalPosition: {x: 0.00003137395, y: 0.1436559, z: -0.011110391}
  m_LocalScale: {x: 1, y: 1, z: 1}
  m_Children: []
  m_Father: {fileID: 1731495809917996610}
  m_RootOrder: 0
  m_LocalEulerAnglesHint: {x: 0, y: 0, z: 0}
--- !u!1 &4692975314122900001
GameObject:
  m_ObjectHideFlags: 0
  m_CorrespondingSourceObject: {fileID: 0}
  m_PrefabInstance: {fileID: 0}
  m_PrefabAsset: {fileID: 0}
  serializedVersion: 6
  m_Component:
  - component: {fileID: 7387955371322523611}
  m_Layer: 0
  m_Name: PT_Medieval_Male_LeftShoulder
  m_TagString: Untagged
  m_Icon: {fileID: 0}
  m_NavMeshLayer: 0
  m_StaticEditorFlags: 0
  m_IsActive: 1
--- !u!4 &7387955371322523611
Transform:
  m_ObjectHideFlags: 0
  m_CorrespondingSourceObject: {fileID: 0}
  m_PrefabInstance: {fileID: 0}
  m_PrefabAsset: {fileID: 0}
  m_GameObject: {fileID: 4692975314122900001}
  m_LocalRotation: {x: 0.5548358, y: -0.4344652, z: 0.5720135, w: 0.4197592}
  m_LocalPosition: {x: -0.065679304, y: 0.065528035, z: -0.0067431717}
  m_LocalScale: {x: 1, y: 1, z: 1}
  m_Children:
  - {fileID: 498159055472106438}
  m_Father: {fileID: 4040603288822990416}
  m_RootOrder: 1
  m_LocalEulerAnglesHint: {x: 0, y: 0, z: 0}
--- !u!1 &5165167181452721246
GameObject:
  m_ObjectHideFlags: 0
  m_CorrespondingSourceObject: {fileID: 0}
  m_PrefabInstance: {fileID: 0}
  m_PrefabAsset: {fileID: 0}
  serializedVersion: 6
  m_Component:
  - component: {fileID: 4536957798899263162}
  - component: {fileID: 9040424025097945723}
  m_Layer: 0
  m_Name: PT_Medieval_Male_Peasant_01_upper
  m_TagString: Untagged
  m_Icon: {fileID: 0}
  m_NavMeshLayer: 0
  m_StaticEditorFlags: 0
  m_IsActive: 1
--- !u!4 &4536957798899263162
Transform:
  m_ObjectHideFlags: 0
  m_CorrespondingSourceObject: {fileID: 0}
  m_PrefabInstance: {fileID: 0}
  m_PrefabAsset: {fileID: 0}
  m_GameObject: {fileID: 5165167181452721246}
  m_LocalRotation: {x: 0, y: -0, z: -0, w: 1}
  m_LocalPosition: {x: -0, y: 0, z: 1.39}
  m_LocalScale: {x: 1, y: 1, z: 1}
  m_Children: []
  m_Father: {fileID: 8489708120898135493}
  m_RootOrder: 4
  m_LocalEulerAnglesHint: {x: 0, y: 0, z: 0}
--- !u!137 &9040424025097945723
SkinnedMeshRenderer:
  m_ObjectHideFlags: 0
  m_CorrespondingSourceObject: {fileID: 0}
  m_PrefabInstance: {fileID: 0}
  m_PrefabAsset: {fileID: 0}
  m_GameObject: {fileID: 5165167181452721246}
  m_Enabled: 1
  m_CastShadows: 1
  m_ReceiveShadows: 1
  m_DynamicOccludee: 1
  m_MotionVectors: 1
  m_LightProbeUsage: 1
  m_ReflectionProbeUsage: 1
  m_RayTracingMode: 0
  m_RenderingLayerMask: 1
  m_RendererPriority: 0
  m_Materials:
  - {fileID: 2100000, guid: c79855c6f54ed954293d041acc3120a8, type: 2}
  m_StaticBatchInfo:
    firstSubMesh: 0
    subMeshCount: 0
  m_StaticBatchRoot: {fileID: 0}
  m_ProbeAnchor: {fileID: 0}
  m_LightProbeVolumeOverride: {fileID: 0}
  m_ScaleInLightmap: 1
  m_ReceiveGI: 1
  m_PreserveUVs: 0
  m_IgnoreNormalsForChartDetection: 0
  m_ImportantGI: 0
  m_StitchLightmapSeams: 1
  m_SelectedEditorRenderState: 3
  m_MinimumChartSize: 4
  m_AutoUVMaxDistance: 0.5
  m_AutoUVMaxAngle: 89
  m_LightmapParameters: {fileID: 0}
  m_SortingLayerID: 0
  m_SortingLayer: 0
  m_SortingOrder: 0
  serializedVersion: 2
  m_Quality: 0
  m_UpdateWhenOffscreen: 0
  m_SkinnedMotionVectors: 1
  m_Mesh: {fileID: 1135109106350512055, guid: bd83b7da59c20464288209a8d297eb23, type: 3}
  m_Bones:
  - {fileID: 3175332516888522064}
  - {fileID: 2904371856501764875}
  - {fileID: 5498956489089540358}
  - {fileID: 4040603288822990416}
  - {fileID: 3034467573199355290}
  - {fileID: 6162845983548760042}
  - {fileID: 5420540651440511328}
  - {fileID: 5547074721053377527}
  - {fileID: 3892135972878066864}
  - {fileID: 8074918467250251974}
  - {fileID: 2519157644321852124}
  - {fileID: 6651731212123945100}
  - {fileID: 9031950277647397674}
  - {fileID: 4869619094233840082}
  - {fileID: 3900881091745428524}
  - {fileID: 4946738281978136362}
  - {fileID: 6594517998566729377}
  - {fileID: 5413717333075637315}
  - {fileID: 4870295851846933746}
  - {fileID: 4070385182830839259}
  - {fileID: 3449673545117924016}
  - {fileID: 978119997499442905}
  - {fileID: 4930685760460243261}
  - {fileID: 5763644112446418264}
  - {fileID: 8191023884720938750}
  - {fileID: 4376614841954479628}
  - {fileID: 7387955371322523611}
  - {fileID: 498159055472106438}
  - {fileID: 6077240590584099038}
  - {fileID: 3219068744626818040}
  - {fileID: 4041127869954972574}
  - {fileID: 576656789941050139}
  - {fileID: 7477312656685629921}
  - {fileID: 4185536943008008957}
  - {fileID: 6111366302651130387}
  - {fileID: 8963175195928684208}
  - {fileID: 8630867274090489500}
  - {fileID: 3046176285196597938}
  - {fileID: 3086062845492126947}
  - {fileID: 5342737693608773388}
  - {fileID: 5151091426044470474}
  - {fileID: 9084428133404171458}
  - {fileID: 1470431732244878949}
  - {fileID: 2651893818544597881}
  - {fileID: 2194866584591044793}
  - {fileID: 2359043436398097368}
  - {fileID: 2891165898115810077}
  - {fileID: 4034042940945137534}
  - {fileID: 7429567922849592198}
  - {fileID: 2876943403435358071}
  - {fileID: 1389432167900867805}
  - {fileID: 2876537147368115935}
  - {fileID: 6955627569026370254}
  - {fileID: 2179289617923288712}
  - {fileID: 450030543967652639}
  - {fileID: 1731495809917996610}
  - {fileID: 6997390155351392084}
  - {fileID: 6446498822410928813}
  - {fileID: 4062821442524281977}
  - {fileID: 7232979859944655117}
  - {fileID: 1756570590041898145}
  m_BlendShapeWeights: []
  m_RootBone: {fileID: 3175332516888522064}
  m_AABB:
    m_Center: {x: -0.000000029802322, y: 0.12663741, z: -0.043549433}
    m_Extent: {x: 0.9283502, y: 0.42608833, z: 0.21203683}
  m_DirtyAABB: 0
--- !u!1 &5324688531674751469
GameObject:
  m_ObjectHideFlags: 0
  m_CorrespondingSourceObject: {fileID: 0}
  m_PrefabInstance: {fileID: 0}
  m_PrefabAsset: {fileID: 0}
  serializedVersion: 6
  m_Component:
  - component: {fileID: 5667877780224144680}
  m_Layer: 0
  m_Name: PT_Medieval_Male_Medium_Bow_slot
  m_TagString: Untagged
  m_Icon: {fileID: 0}
  m_NavMeshLayer: 0
  m_StaticEditorFlags: 0
  m_IsActive: 1
--- !u!4 &5667877780224144680
Transform:
  m_ObjectHideFlags: 0
  m_CorrespondingSourceObject: {fileID: 0}
  m_PrefabInstance: {fileID: 0}
  m_PrefabAsset: {fileID: 0}
  m_GameObject: {fileID: 5324688531674751469}
  m_LocalRotation: {x: 0.41191617, y: -0.07447675, z: 0.87514323, w: 0.24269868}
  m_LocalPosition: {x: -0.06086113, y: -0.02398817, z: -0.16310368}
  m_LocalScale: {x: 1, y: 1, z: 1}
  m_Children: []
  m_Father: {fileID: 4040603288822990416}
  m_RootOrder: 3
  m_LocalEulerAnglesHint: {x: 0, y: 0, z: 0}
--- !u!1 &5390523313455503634
GameObject:
  m_ObjectHideFlags: 0
  m_CorrespondingSourceObject: {fileID: 0}
  m_PrefabInstance: {fileID: 0}
  m_PrefabAsset: {fileID: 0}
  serializedVersion: 6
  m_Component:
  - component: {fileID: 1756570590041898145}
  m_Layer: 0
  m_Name: PT_Medieval_Male_RightToe
  m_TagString: Untagged
  m_Icon: {fileID: 0}
  m_NavMeshLayer: 0
  m_StaticEditorFlags: 0
  m_IsActive: 1
--- !u!4 &1756570590041898145
Transform:
  m_ObjectHideFlags: 0
  m_CorrespondingSourceObject: {fileID: 0}
  m_PrefabInstance: {fileID: 0}
  m_PrefabAsset: {fileID: 0}
  m_GameObject: {fileID: 5390523313455503634}
  m_LocalRotation: {x: 0.32279554, y: -0.08884289, z: 0.03045037, w: 0.9417977}
  m_LocalPosition: {x: -0.000025255249, y: 0.1438179, z: -0.0088649485}
  m_LocalScale: {x: 1, y: 1, z: 1}
  m_Children: []
  m_Father: {fileID: 7232979859944655117}
  m_RootOrder: 0
  m_LocalEulerAnglesHint: {x: 0, y: 0, z: 0}
--- !u!1 &5512011553210980236
GameObject:
  m_ObjectHideFlags: 0
  m_CorrespondingSourceObject: {fileID: 0}
  m_PrefabInstance: {fileID: 0}
  m_PrefabAsset: {fileID: 0}
  serializedVersion: 6
  m_Component:
  - component: {fileID: 6111366302651130387}
  m_Layer: 0
  m_Name: PT_Medieval_Male_LeftHandIndex2
  m_TagString: Untagged
  m_Icon: {fileID: 0}
  m_NavMeshLayer: 0
  m_StaticEditorFlags: 0
  m_IsActive: 1
--- !u!4 &6111366302651130387
Transform:
  m_ObjectHideFlags: 0
  m_CorrespondingSourceObject: {fileID: 0}
  m_PrefabInstance: {fileID: 0}
  m_PrefabAsset: {fileID: 0}
  m_GameObject: {fileID: 5512011553210980236}
  m_LocalRotation: {x: 0.09512609, y: -1.0561118e-16, z: 3.432363e-17, w: 0.9954652}
  m_LocalPosition: {x: 0.0009678826, y: 0.04275242, z: -0.00105289}
  m_LocalScale: {x: 1, y: 1, z: 1}
  m_Children:
  - {fileID: 8963175195928684208}
  m_Father: {fileID: 4185536943008008957}
  m_RootOrder: 0
  m_LocalEulerAnglesHint: {x: 0, y: 0, z: 0}
--- !u!1 &5567734854065847289
GameObject:
  m_ObjectHideFlags: 0
  m_CorrespondingSourceObject: {fileID: 0}
  m_PrefabInstance: {fileID: 0}
  m_PrefabAsset: {fileID: 0}
  serializedVersion: 6
  m_Component:
  - component: {fileID: 8074918467250251974}
  m_Layer: 0
  m_Name: PT_Medieval_Male_RightForeArm
  m_TagString: Untagged
  m_Icon: {fileID: 0}
  m_NavMeshLayer: 0
  m_StaticEditorFlags: 0
  m_IsActive: 1
--- !u!4 &8074918467250251974
Transform:
  m_ObjectHideFlags: 0
  m_CorrespondingSourceObject: {fileID: 0}
  m_PrefabInstance: {fileID: 0}
  m_PrefabAsset: {fileID: 0}
  m_GameObject: {fileID: 5567734854065847289}
  m_LocalRotation: {x: -0.119477406, y: 0.004352882, z: -0.03614738, w: 0.99216914}
  m_LocalPosition: {x: 0.001, y: -0.274, z: 0.019}
  m_LocalScale: {x: 1, y: 1, z: 1}
  m_Children:
  - {fileID: 2519157644321852124}
  m_Father: {fileID: 3892135972878066864}
  m_RootOrder: 0
  m_LocalEulerAnglesHint: {x: 0, y: 0, z: 0}
--- !u!1 &5662322843236309969
GameObject:
  m_ObjectHideFlags: 0
  m_CorrespondingSourceObject: {fileID: 0}
  m_PrefabInstance: {fileID: 0}
  m_PrefabAsset: {fileID: 0}
  serializedVersion: 6
  m_Component:
  - component: {fileID: 3219068744626818040}
  m_Layer: 0
  m_Name: PT_Medieval_Male_LeftHand
  m_TagString: Untagged
  m_Icon: {fileID: 0}
  m_NavMeshLayer: 0
  m_StaticEditorFlags: 0
  m_IsActive: 1
--- !u!4 &3219068744626818040
Transform:
  m_ObjectHideFlags: 0
  m_CorrespondingSourceObject: {fileID: 0}
  m_PrefabInstance: {fileID: 0}
  m_PrefabAsset: {fileID: 0}
  m_GameObject: {fileID: 5662322843236309969}
  m_LocalRotation: {x: 0.023698647, y: 0.02361606, z: 0.047987882, w: 0.99828744}
  m_LocalPosition: {x: 0.005954175, y: 0.2618942, z: 0.01294827}
  m_LocalScale: {x: 1, y: 1, z: 1}
  m_Children:
  - {fileID: 4185536943008008957}
  - {fileID: 8630867274090489500}
  - {fileID: 1470431732244878949}
  - {fileID: 5342737693608773388}
  - {fileID: 4041127869954972574}
  m_Father: {fileID: 6077240590584099038}
  m_RootOrder: 2
  m_LocalEulerAnglesHint: {x: 0, y: 0, z: 0}
--- !u!1 &5790963262243058618
GameObject:
  m_ObjectHideFlags: 0
  m_CorrespondingSourceObject: {fileID: 0}
  m_PrefabInstance: {fileID: 0}
  m_PrefabAsset: {fileID: 0}
  serializedVersion: 6
  m_Component:
  - component: {fileID: 1731495809917996610}
  m_Layer: 0
  m_Name: PT_Medieval_Male_LeftFoot
  m_TagString: Untagged
  m_Icon: {fileID: 0}
  m_NavMeshLayer: 0
  m_StaticEditorFlags: 0
  m_IsActive: 1
--- !u!4 &1731495809917996610
Transform:
  m_ObjectHideFlags: 0
  m_CorrespondingSourceObject: {fileID: 0}
  m_PrefabInstance: {fileID: 0}
  m_PrefabAsset: {fileID: 0}
  m_GameObject: {fileID: 5790963262243058618}
  m_LocalRotation: {x: 0.48822117, y: 0.0007726034, z: -0.00043221368, w: 0.87271947}
  m_LocalPosition: {x: -0.00006126998, y: 0.4042528, z: -0.013341449}
  m_LocalScale: {x: 1, y: 1, z: 1}
  m_Children:
  - {fileID: 6997390155351392084}
  m_Father: {fileID: 450030543967652639}
  m_RootOrder: 0
  m_LocalEulerAnglesHint: {x: 0, y: 0, z: 0}
--- !u!1 &5833232062203077033
GameObject:
  m_ObjectHideFlags: 0
  m_CorrespondingSourceObject: {fileID: 0}
  m_PrefabInstance: {fileID: 0}
  m_PrefabAsset: {fileID: 0}
  serializedVersion: 6
  m_Component:
  - component: {fileID: 3900881091745428524}
  m_Layer: 0
  m_Name: PT_Medieval_Male_RightHandIndex1
  m_TagString: Untagged
  m_Icon: {fileID: 0}
  m_NavMeshLayer: 0
  m_StaticEditorFlags: 0
  m_IsActive: 1
--- !u!4 &3900881091745428524
Transform:
  m_ObjectHideFlags: 0
  m_CorrespondingSourceObject: {fileID: 0}
  m_PrefabInstance: {fileID: 0}
  m_PrefabAsset: {fileID: 0}
  m_GameObject: {fileID: 5833232062203077033}
  m_LocalRotation: {x: 0.055548213, y: -0.0029377441, z: -0.05273081, w: 0.99705833}
  m_LocalPosition: {x: -0.03389916, y: -0.09278098, z: 0.005699886}
  m_LocalScale: {x: 1, y: 1, z: 1}
  m_Children:
  - {fileID: 4946738281978136362}
  m_Father: {fileID: 2519157644321852124}
  m_RootOrder: 1
  m_LocalEulerAnglesHint: {x: 0, y: 0, z: 0}
--- !u!1 &5839704429006509362
GameObject:
  m_ObjectHideFlags: 0
  m_CorrespondingSourceObject: {fileID: 0}
  m_PrefabInstance: {fileID: 0}
  m_PrefabAsset: {fileID: 0}
  serializedVersion: 6
  m_Component:
  - component: {fileID: 1440477237854426606}
  m_Layer: 0
  m_Name: PT_Medieval_Male_Large_Shield_slot
  m_TagString: Untagged
  m_Icon: {fileID: 0}
  m_NavMeshLayer: 0
  m_StaticEditorFlags: 0
  m_IsActive: 1
--- !u!4 &1440477237854426606
Transform:
  m_ObjectHideFlags: 0
  m_CorrespondingSourceObject: {fileID: 0}
  m_PrefabInstance: {fileID: 0}
  m_PrefabAsset: {fileID: 0}
  m_GameObject: {fileID: 5839704429006509362}
  m_LocalRotation: {x: 0.6575927, y: 0.6769271, z: 0.2979379, w: -0.14343852}
  m_LocalPosition: {x: -0.0013079799, y: 0.3861415, z: 0.0067237346}
  m_LocalScale: {x: 1, y: 1, z: 1}
  m_Children: []
  m_Father: {fileID: 6077240590584099038}
  m_RootOrder: 0
  m_LocalEulerAnglesHint: {x: 0, y: 0, z: 0}
--- !u!1 &5861469902677903327
GameObject:
  m_ObjectHideFlags: 0
  m_CorrespondingSourceObject: {fileID: 0}
  m_PrefabInstance: {fileID: 0}
  m_PrefabAsset: {fileID: 0}
  serializedVersion: 6
  m_Component:
  - component: {fileID: 576656789941050139}
  m_Layer: 0
  m_Name: PT_Medieval_Male_LeftHandThumb2
  m_TagString: Untagged
  m_Icon: {fileID: 0}
  m_NavMeshLayer: 0
  m_StaticEditorFlags: 0
  m_IsActive: 1
--- !u!4 &576656789941050139
Transform:
  m_ObjectHideFlags: 0
  m_CorrespondingSourceObject: {fileID: 0}
  m_PrefabInstance: {fileID: 0}
  m_PrefabAsset: {fileID: 0}
  m_GameObject: {fileID: 5861469902677903327}
  m_LocalRotation: {x: 0.038922638, y: 6.4819217e-18, z: 3.0282728e-17, w: 0.99924225}
  m_LocalPosition: {x: 0.009661474, y: 0.06264963, z: 0.008649425}
  m_LocalScale: {x: 1, y: 1, z: 1}
  m_Children:
  - {fileID: 7477312656685629921}
  m_Father: {fileID: 4041127869954972574}
  m_RootOrder: 0
  m_LocalEulerAnglesHint: {x: 0, y: 0, z: 0}
--- !u!1 &5969151188995966173
GameObject:
  m_ObjectHideFlags: 0
  m_CorrespondingSourceObject: {fileID: 0}
  m_PrefabInstance: {fileID: 0}
  m_PrefabAsset: {fileID: 0}
  serializedVersion: 6
  m_Component:
  - component: {fileID: 4185536943008008957}
  m_Layer: 0
  m_Name: PT_Medieval_Male_LeftHandIndex1
  m_TagString: Untagged
  m_Icon: {fileID: 0}
  m_NavMeshLayer: 0
  m_StaticEditorFlags: 0
  m_IsActive: 1
--- !u!4 &4185536943008008957
Transform:
  m_ObjectHideFlags: 0
  m_CorrespondingSourceObject: {fileID: 0}
  m_PrefabInstance: {fileID: 0}
  m_PrefabAsset: {fileID: 0}
  m_GameObject: {fileID: 5969151188995966173}
  m_LocalRotation: {x: 0.055548213, y: -0.0029377441, z: -0.05273081, w: 0.99705833}
  m_LocalPosition: {x: 0.03389916, y: 0.09278098, z: -0.005699886}
  m_LocalScale: {x: 1, y: 1, z: 1}
  m_Children:
  - {fileID: 6111366302651130387}
  m_Father: {fileID: 3219068744626818040}
  m_RootOrder: 0
  m_LocalEulerAnglesHint: {x: 0, y: 0, z: 0}
--- !u!1 &5993833592224519009
GameObject:
  m_ObjectHideFlags: 0
  m_CorrespondingSourceObject: {fileID: 0}
  m_PrefabInstance: {fileID: 0}
  m_PrefabAsset: {fileID: 0}
  serializedVersion: 6
  m_Component:
  - component: {fileID: 1079192195531865937}
  - component: {fileID: 2767260538093884306}
  m_Layer: 0
  m_Name: PT_Medieval_Male_Naked_head
  m_TagString: Untagged
  m_Icon: {fileID: 0}
  m_NavMeshLayer: 0
  m_StaticEditorFlags: 0
  m_IsActive: 1
--- !u!4 &1079192195531865937
Transform:
  m_ObjectHideFlags: 0
  m_CorrespondingSourceObject: {fileID: 0}
  m_PrefabInstance: {fileID: 0}
  m_PrefabAsset: {fileID: 0}
  m_GameObject: {fileID: 5993833592224519009}
  m_LocalRotation: {x: 0, y: -0, z: -0, w: 1}
  m_LocalPosition: {x: -0, y: 0, z: 0}
  m_LocalScale: {x: 1, y: 1, z: 1}
  m_Children: []
  m_Father: {fileID: 8489708120898135493}
  m_RootOrder: 1
  m_LocalEulerAnglesHint: {x: 0, y: 0, z: 0}
--- !u!137 &2767260538093884306
SkinnedMeshRenderer:
  m_ObjectHideFlags: 0
  m_CorrespondingSourceObject: {fileID: 0}
  m_PrefabInstance: {fileID: 0}
  m_PrefabAsset: {fileID: 0}
  m_GameObject: {fileID: 5993833592224519009}
  m_Enabled: 1
  m_CastShadows: 1
  m_ReceiveShadows: 1
  m_DynamicOccludee: 1
  m_MotionVectors: 1
  m_LightProbeUsage: 1
  m_ReflectionProbeUsage: 1
  m_RayTracingMode: 0
  m_RenderingLayerMask: 1
  m_RendererPriority: 0
  m_Materials:
  - {fileID: 2100000, guid: c79855c6f54ed954293d041acc3120a8, type: 2}
  m_StaticBatchInfo:
    firstSubMesh: 0
    subMeshCount: 0
  m_StaticBatchRoot: {fileID: 0}
  m_ProbeAnchor: {fileID: 0}
  m_LightProbeVolumeOverride: {fileID: 0}
  m_ScaleInLightmap: 1
  m_ReceiveGI: 1
  m_PreserveUVs: 0
  m_IgnoreNormalsForChartDetection: 0
  m_ImportantGI: 0
  m_StitchLightmapSeams: 1
  m_SelectedEditorRenderState: 3
  m_MinimumChartSize: 4
  m_AutoUVMaxDistance: 0.5
  m_AutoUVMaxAngle: 89
  m_LightmapParameters: {fileID: 0}
  m_SortingLayerID: 0
  m_SortingLayer: 0
  m_SortingOrder: 0
  serializedVersion: 2
  m_Quality: 0
  m_UpdateWhenOffscreen: 0
  m_SkinnedMotionVectors: 1
  m_Mesh: {fileID: 4300000, guid: 149cc7509b1e17e438e8dd16f5f48cfa, type: 3}
  m_Bones:
  - {fileID: 3175332516888522064}
  - {fileID: 2904371856501764875}
  - {fileID: 5498956489089540358}
  - {fileID: 4040603288822990416}
  - {fileID: 3034467573199355290}
  - {fileID: 6162845983548760042}
  - {fileID: 5420540651440511328}
  - {fileID: 5547074721053377527}
  - {fileID: 3892135972878066864}
  - {fileID: 8074918467250251974}
  - {fileID: 2519157644321852124}
  - {fileID: 6651731212123945100}
  - {fileID: 9031950277647397674}
  - {fileID: 4869619094233840082}
  - {fileID: 3900881091745428524}
  - {fileID: 4946738281978136362}
  - {fileID: 6594517998566729377}
  - {fileID: 5413717333075637315}
  - {fileID: 4870295851846933746}
  - {fileID: 4070385182830839259}
  - {fileID: 3449673545117924016}
  - {fileID: 978119997499442905}
  - {fileID: 4930685760460243261}
  - {fileID: 5763644112446418264}
  - {fileID: 8191023884720938750}
  - {fileID: 4376614841954479628}
  - {fileID: 7387955371322523611}
  - {fileID: 498159055472106438}
  - {fileID: 6077240590584099038}
  - {fileID: 3219068744626818040}
  - {fileID: 4041127869954972574}
  - {fileID: 576656789941050139}
  - {fileID: 7477312656685629921}
  - {fileID: 4185536943008008957}
  - {fileID: 6111366302651130387}
  - {fileID: 8963175195928684208}
  - {fileID: 8630867274090489500}
  - {fileID: 3046176285196597938}
  - {fileID: 3086062845492126947}
  - {fileID: 5342737693608773388}
  - {fileID: 5151091426044470474}
  - {fileID: 9084428133404171458}
  - {fileID: 1470431732244878949}
  - {fileID: 2651893818544597881}
  - {fileID: 2194866584591044793}
  - {fileID: 2359043436398097368}
  - {fileID: 2891165898115810077}
  - {fileID: 4034042940945137534}
  - {fileID: 7429567922849592198}
  - {fileID: 2876943403435358071}
  - {fileID: 1389432167900867805}
  - {fileID: 2876537147368115935}
  - {fileID: 6955627569026370254}
  - {fileID: 2179289617923288712}
  - {fileID: 450030543967652639}
  - {fileID: 1731495809917996610}
  - {fileID: 6997390155351392084}
  - {fileID: 6446498822410928813}
  - {fileID: 4062821442524281977}
  - {fileID: 7232979859944655117}
  - {fileID: 1756570590041898145}
  m_BlendShapeWeights: []
  m_RootBone: {fileID: 3175332516888522064}
  m_AABB:
    m_Center: {x: 0, y: 0.5223603, z: -0.025664032}
    m_Extent: {x: 0.10848932, y: 0.24197814, z: 0.1374451}
  m_DirtyAABB: 0
--- !u!1 &6026060199833730917
GameObject:
  m_ObjectHideFlags: 0
  m_CorrespondingSourceObject: {fileID: 0}
  m_PrefabInstance: {fileID: 0}
  m_PrefabAsset: {fileID: 0}
  serializedVersion: 6
  m_Component:
  - component: {fileID: 2767078513794249674}
  - component: {fileID: 2885367016327368673}
  m_Layer: 0
  m_Name: PT_Medieval_Male_Peasant_01_lower
  m_TagString: Untagged
  m_Icon: {fileID: 0}
  m_NavMeshLayer: 0
  m_StaticEditorFlags: 0
  m_IsActive: 1
--- !u!4 &2767078513794249674
Transform:
  m_ObjectHideFlags: 0
  m_CorrespondingSourceObject: {fileID: 0}
  m_PrefabInstance: {fileID: 0}
  m_PrefabAsset: {fileID: 0}
  m_GameObject: {fileID: 6026060199833730917}
  m_LocalRotation: {x: 0, y: -0, z: -0, w: 1}
  m_LocalPosition: {x: -0, y: 0, z: 0}
  m_LocalScale: {x: 1, y: 1, z: 1}
  m_Children: []
  m_Father: {fileID: 8489708120898135493}
  m_RootOrder: 3
  m_LocalEulerAnglesHint: {x: 0, y: 0, z: 0}
--- !u!137 &2885367016327368673
SkinnedMeshRenderer:
  m_ObjectHideFlags: 0
  m_CorrespondingSourceObject: {fileID: 0}
  m_PrefabInstance: {fileID: 0}
  m_PrefabAsset: {fileID: 0}
  m_GameObject: {fileID: 6026060199833730917}
  m_Enabled: 1
  m_CastShadows: 1
  m_ReceiveShadows: 1
  m_DynamicOccludee: 1
  m_MotionVectors: 1
  m_LightProbeUsage: 1
  m_ReflectionProbeUsage: 1
  m_RayTracingMode: 0
  m_RenderingLayerMask: 1
  m_RendererPriority: 0
  m_Materials:
  - {fileID: 2100000, guid: c79855c6f54ed954293d041acc3120a8, type: 2}
  m_StaticBatchInfo:
    firstSubMesh: 0
    subMeshCount: 0
  m_StaticBatchRoot: {fileID: 0}
  m_ProbeAnchor: {fileID: 0}
  m_LightProbeVolumeOverride: {fileID: 0}
  m_ScaleInLightmap: 1
  m_ReceiveGI: 1
  m_PreserveUVs: 0
  m_IgnoreNormalsForChartDetection: 0
  m_ImportantGI: 0
  m_StitchLightmapSeams: 1
  m_SelectedEditorRenderState: 3
  m_MinimumChartSize: 4
  m_AutoUVMaxDistance: 0.5
  m_AutoUVMaxAngle: 89
  m_LightmapParameters: {fileID: 0}
  m_SortingLayerID: 0
  m_SortingLayer: 0
  m_SortingOrder: 0
  serializedVersion: 2
  m_Quality: 0
  m_UpdateWhenOffscreen: 0
  m_SkinnedMotionVectors: 1
  m_Mesh: {fileID: -8516148956769557160, guid: bd83b7da59c20464288209a8d297eb23, type: 3}
  m_Bones:
  - {fileID: 3175332516888522064}
  - {fileID: 2904371856501764875}
  - {fileID: 5498956489089540358}
  - {fileID: 4040603288822990416}
  - {fileID: 3034467573199355290}
  - {fileID: 6162845983548760042}
  - {fileID: 5420540651440511328}
  - {fileID: 5547074721053377527}
  - {fileID: 3892135972878066864}
  - {fileID: 8074918467250251974}
  - {fileID: 2519157644321852124}
  - {fileID: 6651731212123945100}
  - {fileID: 9031950277647397674}
  - {fileID: 4869619094233840082}
  - {fileID: 3900881091745428524}
  - {fileID: 4946738281978136362}
  - {fileID: 6594517998566729377}
  - {fileID: 5413717333075637315}
  - {fileID: 4870295851846933746}
  - {fileID: 4070385182830839259}
  - {fileID: 3449673545117924016}
  - {fileID: 978119997499442905}
  - {fileID: 4930685760460243261}
  - {fileID: 5763644112446418264}
  - {fileID: 8191023884720938750}
  - {fileID: 4376614841954479628}
  - {fileID: 7387955371322523611}
  - {fileID: 498159055472106438}
  - {fileID: 6077240590584099038}
  - {fileID: 3219068744626818040}
  - {fileID: 4041127869954972574}
  - {fileID: 576656789941050139}
  - {fileID: 7477312656685629921}
  - {fileID: 4185536943008008957}
  - {fileID: 6111366302651130387}
  - {fileID: 8963175195928684208}
  - {fileID: 8630867274090489500}
  - {fileID: 3046176285196597938}
  - {fileID: 3086062845492126947}
  - {fileID: 5342737693608773388}
  - {fileID: 5151091426044470474}
  - {fileID: 9084428133404171458}
  - {fileID: 1470431732244878949}
  - {fileID: 2651893818544597881}
  - {fileID: 2194866584591044793}
  - {fileID: 2359043436398097368}
  - {fileID: 2891165898115810077}
  - {fileID: 4034042940945137534}
  - {fileID: 7429567922849592198}
  - {fileID: 2876943403435358071}
  - {fileID: 1389432167900867805}
  - {fileID: 2876537147368115935}
  - {fileID: 6955627569026370254}
  - {fileID: 2179289617923288712}
  - {fileID: 450030543967652639}
  - {fileID: 1731495809917996610}
  - {fileID: 6997390155351392084}
  - {fileID: 6446498822410928813}
  - {fileID: 4062821442524281977}
  - {fileID: 7232979859944655117}
  - {fileID: 1756570590041898145}
  m_BlendShapeWeights: []
  m_RootBone: {fileID: 3175332516888522064}
  m_AABB:
    m_Center: {x: 0.00005620718, y: -0.58647937, z: 0.033938855}
    m_Extent: {x: 0.19994998, y: 0.55929524, z: 0.30471426}
  m_DirtyAABB: 0
--- !u!1 &6066996719784261937
GameObject:
  m_ObjectHideFlags: 0
  m_CorrespondingSourceObject: {fileID: 0}
  m_PrefabInstance: {fileID: 0}
  m_PrefabAsset: {fileID: 0}
  serializedVersion: 6
  m_Component:
  - component: {fileID: 4930685760460243261}
  m_Layer: 0
  m_Name: PT_Medieval_Male_RightHandRing3
  m_TagString: Untagged
  m_Icon: {fileID: 0}
  m_NavMeshLayer: 0
  m_StaticEditorFlags: 0
  m_IsActive: 1
--- !u!4 &4930685760460243261
Transform:
  m_ObjectHideFlags: 0
  m_CorrespondingSourceObject: {fileID: 0}
  m_PrefabInstance: {fileID: 0}
  m_PrefabAsset: {fileID: 0}
  m_GameObject: {fileID: 6066996719784261937}
  m_LocalRotation: {x: 0.041252065, y: -2.7479395e-17, z: -1.545716e-17, w: 0.9991488}
  m_LocalPosition: {x: 0.003418394, y: -0.036755748, z: -0.003168397}
  m_LocalScale: {x: 1, y: 1, z: 1}
  m_Children: []
  m_Father: {fileID: 978119997499442905}
  m_RootOrder: 0
  m_LocalEulerAnglesHint: {x: 0, y: 0, z: 0}
--- !u!1 &6242579664236659716
GameObject:
  m_ObjectHideFlags: 0
  m_CorrespondingSourceObject: {fileID: 0}
  m_PrefabInstance: {fileID: 0}
  m_PrefabAsset: {fileID: 0}
  serializedVersion: 6
  m_Component:
  - component: {fileID: 2217243928641363651}
  m_Layer: 0
  m_Name: PT_Medieval_Male_Second_Weapon_slot
  m_TagString: Untagged
  m_Icon: {fileID: 0}
  m_NavMeshLayer: 0
  m_StaticEditorFlags: 0
  m_IsActive: 1
--- !u!4 &2217243928641363651
Transform:
  m_ObjectHideFlags: 0
  m_CorrespondingSourceObject: {fileID: 0}
  m_PrefabInstance: {fileID: 0}
  m_PrefabAsset: {fileID: 0}
  m_GameObject: {fileID: 6242579664236659716}
  m_LocalRotation: {x: 0.896631, y: 0.15798464, z: 0.41029173, w: 0.052482553}
  m_LocalPosition: {x: -0.06137928, y: -0.02305119, z: 0.095135055}
  m_LocalScale: {x: 1, y: 1, z: 1}
  m_Children: []
  m_Father: {fileID: 6446498822410928813}
  m_RootOrder: 1
  m_LocalEulerAnglesHint: {x: 0, y: 0, z: 0}
--- !u!1 &6268112828321770799
GameObject:
  m_ObjectHideFlags: 0
  m_CorrespondingSourceObject: {fileID: 0}
  m_PrefabInstance: {fileID: 0}
  m_PrefabAsset: {fileID: 0}
  serializedVersion: 6
  m_Component:
  - component: {fileID: 8963175195928684208}
  m_Layer: 0
  m_Name: PT_Medieval_Male_LeftHandIndex3
  m_TagString: Untagged
  m_Icon: {fileID: 0}
  m_NavMeshLayer: 0
  m_StaticEditorFlags: 0
  m_IsActive: 1
--- !u!4 &8963175195928684208
Transform:
  m_ObjectHideFlags: 0
  m_CorrespondingSourceObject: {fileID: 0}
  m_PrefabInstance: {fileID: 0}
  m_PrefabAsset: {fileID: 0}
  m_GameObject: {fileID: 6268112828321770799}
  m_LocalRotation: {x: 0.16408321, y: -1.6850629e-16, z: 8.653025e-17, w: 0.9864465}
  m_LocalPosition: {x: -0.0013015639, y: 0.03672187, z: 0.0035456868}
  m_LocalScale: {x: 1, y: 1, z: 1}
  m_Children: []
  m_Father: {fileID: 6111366302651130387}
  m_RootOrder: 0
  m_LocalEulerAnglesHint: {x: 0, y: 0, z: 0}
--- !u!1 &6395460964331681618
GameObject:
  m_ObjectHideFlags: 0
  m_CorrespondingSourceObject: {fileID: 0}
  m_PrefabInstance: {fileID: 0}
  m_PrefabAsset: {fileID: 0}
  serializedVersion: 6
  m_Component:
  - component: {fileID: 9031950277647397674}
  m_Layer: 0
  m_Name: PT_Medieval_Male_RightHandThumb2
  m_TagString: Untagged
  m_Icon: {fileID: 0}
  m_NavMeshLayer: 0
  m_StaticEditorFlags: 0
  m_IsActive: 1
--- !u!4 &9031950277647397674
Transform:
  m_ObjectHideFlags: 0
  m_CorrespondingSourceObject: {fileID: 0}
  m_PrefabInstance: {fileID: 0}
  m_PrefabAsset: {fileID: 0}
  m_GameObject: {fileID: 6395460964331681618}
  m_LocalRotation: {x: 0.038922638, y: -3.889153e-17, z: -9.874802e-17, w: 0.99924225}
  m_LocalPosition: {x: -0.009661474, y: -0.06264963, z: -0.008649425}
  m_LocalScale: {x: 1, y: 1, z: 1}
  m_Children:
  - {fileID: 4869619094233840082}
  m_Father: {fileID: 6651731212123945100}
  m_RootOrder: 0
  m_LocalEulerAnglesHint: {x: 0, y: 0, z: 0}
--- !u!1 &6439576342549103063
GameObject:
  m_ObjectHideFlags: 0
  m_CorrespondingSourceObject: {fileID: 0}
  m_PrefabInstance: {fileID: 0}
  m_PrefabAsset: {fileID: 0}
  serializedVersion: 6
  m_Component:
  - component: {fileID: 6077240590584099038}
  m_Layer: 0
  m_Name: PT_Medieval_Male_LeftForeArm
  m_TagString: Untagged
  m_Icon: {fileID: 0}
  m_NavMeshLayer: 0
  m_StaticEditorFlags: 0
  m_IsActive: 1
--- !u!4 &6077240590584099038
Transform:
  m_ObjectHideFlags: 0
  m_CorrespondingSourceObject: {fileID: 0}
  m_PrefabInstance: {fileID: 0}
  m_PrefabAsset: {fileID: 0}
  m_GameObject: {fileID: 6439576342549103063}
  m_LocalRotation: {x: -0.119477406, y: 0.004352882, z: -0.03614738, w: 0.99216914}
  m_LocalPosition: {x: -0.001688953, y: 0.2694025, z: -0.03728908}
  m_LocalScale: {x: 1, y: 1, z: 1}
  m_Children:
  - {fileID: 1440477237854426606}
  - {fileID: 8398720777964038379}
  - {fileID: 3219068744626818040}
  - {fileID: 4355500406115857939}
  - {fileID: 5391000299717779225}
  m_Father: {fileID: 498159055472106438}
  m_RootOrder: 0
  m_LocalEulerAnglesHint: {x: 0, y: 0, z: 0}
--- !u!1 &6653842156209356958
GameObject:
  m_ObjectHideFlags: 0
  m_CorrespondingSourceObject: {fileID: 0}
  m_PrefabInstance: {fileID: 0}
  m_PrefabAsset: {fileID: 0}
  serializedVersion: 6
  m_Component:
  - component: {fileID: 7232979859944655117}
  m_Layer: 0
  m_Name: PT_Medieval_Male_RightFoot
  m_TagString: Untagged
  m_Icon: {fileID: 0}
  m_NavMeshLayer: 0
  m_StaticEditorFlags: 0
  m_IsActive: 1
--- !u!4 &7232979859944655117
Transform:
  m_ObjectHideFlags: 0
  m_CorrespondingSourceObject: {fileID: 0}
  m_PrefabInstance: {fileID: 0}
  m_PrefabAsset: {fileID: 0}
  m_GameObject: {fileID: 6653842156209356958}
  m_LocalRotation: {x: 0.48185918, y: -0.0007733488, z: 0.00042527358, w: 0.87624824}
  m_LocalPosition: {x: 0.00006047429, y: 0.4042705, z: -0.013081949}
  m_LocalScale: {x: 1, y: 1, z: 1}
  m_Children:
  - {fileID: 1756570590041898145}
  m_Father: {fileID: 4062821442524281977}
  m_RootOrder: 0
  m_LocalEulerAnglesHint: {x: 0, y: 0, z: 0}
--- !u!1 &6838743112264914564
GameObject:
  m_ObjectHideFlags: 0
  m_CorrespondingSourceObject: {fileID: 0}
  m_PrefabInstance: {fileID: 0}
  m_PrefabAsset: {fileID: 0}
  serializedVersion: 6
  m_Component:
  - component: {fileID: 7477312656685629921}
  m_Layer: 0
  m_Name: PT_Medieval_Male_LeftHandThumb3
  m_TagString: Untagged
  m_Icon: {fileID: 0}
  m_NavMeshLayer: 0
  m_StaticEditorFlags: 0
  m_IsActive: 1
--- !u!4 &7477312656685629921
Transform:
  m_ObjectHideFlags: 0
  m_CorrespondingSourceObject: {fileID: 0}
  m_PrefabInstance: {fileID: 0}
  m_PrefabAsset: {fileID: 0}
  m_GameObject: {fileID: 6838743112264914564}
  m_LocalRotation: {x: -0.07131409, y: -1.1876181e-17, z: -5.2453137e-17, w: 0.9974539}
  m_LocalPosition: {x: -0.0113181, y: 0.038020678, z: -0.00014049829}
  m_LocalScale: {x: 1, y: 1, z: 1}
  m_Children: []
  m_Father: {fileID: 576656789941050139}
  m_RootOrder: 0
  m_LocalEulerAnglesHint: {x: 0, y: 0, z: 0}
--- !u!1 &6848146434949289208
GameObject:
  m_ObjectHideFlags: 0
  m_CorrespondingSourceObject: {fileID: 0}
  m_PrefabInstance: {fileID: 0}
  m_PrefabAsset: {fileID: 0}
  serializedVersion: 6
  m_Component:
  - component: {fileID: 5763644112446418264}
  m_Layer: 0
  m_Name: PT_Medieval_Male_RightHandPinky1
  m_TagString: Untagged
  m_Icon: {fileID: 0}
  m_NavMeshLayer: 0
  m_StaticEditorFlags: 0
  m_IsActive: 1
--- !u!4 &5763644112446418264
Transform:
  m_ObjectHideFlags: 0
  m_CorrespondingSourceObject: {fileID: 0}
  m_PrefabInstance: {fileID: 0}
  m_PrefabAsset: {fileID: 0}
  m_GameObject: {fileID: 6848146434949289208}
  m_LocalRotation: {x: 0.20583394, y: 0.007591522, z: 0.03606642, w: 0.97789264}
  m_LocalPosition: {x: 0.04289961, y: -0.094950385, z: 0.003127618}
  m_LocalScale: {x: 1, y: 1, z: 1}
  m_Children:
  - {fileID: 8191023884720938750}
  m_Father: {fileID: 2519157644321852124}
  m_RootOrder: 3
  m_LocalEulerAnglesHint: {x: 0, y: 0, z: 0}
--- !u!1 &6938450509055155870
GameObject:
  m_ObjectHideFlags: 0
  m_CorrespondingSourceObject: {fileID: 0}
  m_PrefabInstance: {fileID: 0}
  m_PrefabAsset: {fileID: 0}
  serializedVersion: 6
  m_Component:
  - component: {fileID: 6705270693926072499}
  m_Layer: 0
  m_Name: PT_Medieval_Male_Long_Bow_slot
  m_TagString: Untagged
  m_Icon: {fileID: 0}
  m_NavMeshLayer: 0
  m_StaticEditorFlags: 0
  m_IsActive: 1
--- !u!4 &6705270693926072499
Transform:
  m_ObjectHideFlags: 0
  m_CorrespondingSourceObject: {fileID: 0}
  m_PrefabInstance: {fileID: 0}
  m_PrefabAsset: {fileID: 0}
  m_GameObject: {fileID: 6938450509055155870}
  m_LocalRotation: {x: 0.21945143, y: 0.8995494, z: 0.10542873, w: -0.3626799}
  m_LocalPosition: {x: -0.09740666, y: -0.03240751, z: -0.15668699}
  m_LocalScale: {x: 1, y: 1, z: 1}
  m_Children: []
  m_Father: {fileID: 4040603288822990416}
  m_RootOrder: 2
  m_LocalEulerAnglesHint: {x: 0, y: 0, z: 0}
--- !u!1 &6986482433095916961
GameObject:
  m_ObjectHideFlags: 0
  m_CorrespondingSourceObject: {fileID: 0}
  m_PrefabInstance: {fileID: 0}
  m_PrefabAsset: {fileID: 0}
  serializedVersion: 6
  m_Component:
  - component: {fileID: 7950343223751249473}
  - component: {fileID: 2120325682911172738}
  m_Layer: 0
  m_Name: PT_Medieval_Male_Peasant_01_head
  m_TagString: Untagged
  m_Icon: {fileID: 0}
  m_NavMeshLayer: 0
  m_StaticEditorFlags: 0
  m_IsActive: 1
--- !u!4 &7950343223751249473
Transform:
  m_ObjectHideFlags: 0
  m_CorrespondingSourceObject: {fileID: 0}
  m_PrefabInstance: {fileID: 0}
  m_PrefabAsset: {fileID: 0}
  m_GameObject: {fileID: 6986482433095916961}
  m_LocalRotation: {x: 0, y: -0, z: -0, w: 1}
  m_LocalPosition: {x: -0, y: 0, z: 0}
  m_LocalScale: {x: 1, y: 1, z: 1}
  m_Children: []
  m_Father: {fileID: 8489708120898135493}
  m_RootOrder: 2
  m_LocalEulerAnglesHint: {x: 0, y: 0, z: 0}
--- !u!137 &2120325682911172738
SkinnedMeshRenderer:
  m_ObjectHideFlags: 0
  m_CorrespondingSourceObject: {fileID: 0}
  m_PrefabInstance: {fileID: 0}
  m_PrefabAsset: {fileID: 0}
  m_GameObject: {fileID: 6986482433095916961}
  m_Enabled: 1
  m_CastShadows: 1
  m_ReceiveShadows: 1
  m_DynamicOccludee: 1
  m_MotionVectors: 1
  m_LightProbeUsage: 1
  m_ReflectionProbeUsage: 1
  m_RayTracingMode: 0
  m_RenderingLayerMask: 1
  m_RendererPriority: 0
  m_Materials:
  - {fileID: 2100000, guid: c79855c6f54ed954293d041acc3120a8, type: 2}
  m_StaticBatchInfo:
    firstSubMesh: 0
    subMeshCount: 0
  m_StaticBatchRoot: {fileID: 0}
  m_ProbeAnchor: {fileID: 0}
  m_LightProbeVolumeOverride: {fileID: 0}
  m_ScaleInLightmap: 1
  m_ReceiveGI: 1
  m_PreserveUVs: 0
  m_IgnoreNormalsForChartDetection: 0
  m_ImportantGI: 0
  m_StitchLightmapSeams: 1
  m_SelectedEditorRenderState: 3
  m_MinimumChartSize: 4
  m_AutoUVMaxDistance: 0.5
  m_AutoUVMaxAngle: 89
  m_LightmapParameters: {fileID: 0}
  m_SortingLayerID: 0
  m_SortingLayer: 0
  m_SortingOrder: 0
  serializedVersion: 2
  m_Quality: 0
  m_UpdateWhenOffscreen: 0
  m_SkinnedMotionVectors: 1
  m_Mesh: {fileID: -391187891731541924, guid: bd83b7da59c20464288209a8d297eb23, type: 3}
  m_Bones:
  - {fileID: 3175332516888522064}
  - {fileID: 2904371856501764875}
  - {fileID: 5498956489089540358}
  - {fileID: 4040603288822990416}
  - {fileID: 3034467573199355290}
  - {fileID: 6162845983548760042}
  - {fileID: 5420540651440511328}
  - {fileID: 5547074721053377527}
  - {fileID: 3892135972878066864}
  - {fileID: 8074918467250251974}
  - {fileID: 2519157644321852124}
  - {fileID: 6651731212123945100}
  - {fileID: 9031950277647397674}
  - {fileID: 4869619094233840082}
  - {fileID: 3900881091745428524}
  - {fileID: 4946738281978136362}
  - {fileID: 6594517998566729377}
  - {fileID: 5413717333075637315}
  - {fileID: 4870295851846933746}
  - {fileID: 4070385182830839259}
  - {fileID: 3449673545117924016}
  - {fileID: 978119997499442905}
  - {fileID: 4930685760460243261}
  - {fileID: 5763644112446418264}
  - {fileID: 8191023884720938750}
  - {fileID: 4376614841954479628}
  - {fileID: 7387955371322523611}
  - {fileID: 498159055472106438}
  - {fileID: 6077240590584099038}
  - {fileID: 3219068744626818040}
  - {fileID: 4041127869954972574}
  - {fileID: 576656789941050139}
  - {fileID: 7477312656685629921}
  - {fileID: 4185536943008008957}
  - {fileID: 6111366302651130387}
  - {fileID: 8963175195928684208}
  - {fileID: 8630867274090489500}
  - {fileID: 3046176285196597938}
  - {fileID: 3086062845492126947}
  - {fileID: 5342737693608773388}
  - {fileID: 5151091426044470474}
  - {fileID: 9084428133404171458}
  - {fileID: 1470431732244878949}
  - {fileID: 2651893818544597881}
  - {fileID: 2194866584591044793}
  - {fileID: 2359043436398097368}
  - {fileID: 2891165898115810077}
  - {fileID: 4034042940945137534}
  - {fileID: 7429567922849592198}
  - {fileID: 2876943403435358071}
  - {fileID: 1389432167900867805}
  - {fileID: 2876537147368115935}
  - {fileID: 6955627569026370254}
  - {fileID: 2179289617923288712}
  - {fileID: 450030543967652639}
  - {fileID: 1731495809917996610}
  - {fileID: 6997390155351392084}
  - {fileID: 6446498822410928813}
  - {fileID: 4062821442524281977}
  - {fileID: 7232979859944655117}
  - {fileID: 1756570590041898145}
  m_BlendShapeWeights: []
  m_RootBone: {fileID: 3175332516888522064}
  m_AABB:
    m_Center: {x: 0, y: 0.5223601, z: -0.021494154}
    m_Extent: {x: 0.11216225, y: 0.24197792, z: 0.14161326}
  m_DirtyAABB: 0
--- !u!1 &7025051516934379170
GameObject:
  m_ObjectHideFlags: 0
  m_CorrespondingSourceObject: {fileID: 0}
  m_PrefabInstance: {fileID: 0}
  m_PrefabAsset: {fileID: 0}
  serializedVersion: 6
  m_Component:
  - component: {fileID: 7429567922849592198}
  m_Layer: 0
  m_Name: PT_Medieval_Male_RightCape4
  m_TagString: Untagged
  m_Icon: {fileID: 0}
  m_NavMeshLayer: 0
  m_StaticEditorFlags: 0
  m_IsActive: 1
--- !u!4 &7429567922849592198
Transform:
  m_ObjectHideFlags: 0
  m_CorrespondingSourceObject: {fileID: 0}
  m_PrefabInstance: {fileID: 0}
  m_PrefabAsset: {fileID: 0}
  m_GameObject: {fileID: 7025051516934379170}
  m_LocalRotation: {x: 0, y: -0, z: -0, w: 1}
  m_LocalPosition: {x: -0.0011662522, y: -0.32133368, z: -0.037259296}
  m_LocalScale: {x: 1, y: 1, z: 1}
  m_Children: []
  m_Father: {fileID: 4034042940945137534}
  m_RootOrder: 0
  m_LocalEulerAnglesHint: {x: 0, y: 0, z: 0}
--- !u!1 &7038327932903905064
GameObject:
  m_ObjectHideFlags: 0
  m_CorrespondingSourceObject: {fileID: 0}
  m_PrefabInstance: {fileID: 0}
  m_PrefabAsset: {fileID: 0}
  serializedVersion: 6
  m_Component:
  - component: {fileID: 5413717333075637315}
  m_Layer: 0
  m_Name: PT_Medieval_Male_RightHandMiddle1
  m_TagString: Untagged
  m_Icon: {fileID: 0}
  m_NavMeshLayer: 0
  m_StaticEditorFlags: 0
  m_IsActive: 1
--- !u!4 &5413717333075637315
Transform:
  m_ObjectHideFlags: 0
  m_CorrespondingSourceObject: {fileID: 0}
  m_PrefabInstance: {fileID: 0}
  m_PrefabAsset: {fileID: 0}
  m_GameObject: {fileID: 7038327932903905064}
  m_LocalRotation: {x: 0.07121196, y: -0.0049869064, z: -0.06967975, w: 0.9950119}
  m_LocalPosition: {x: -0.006663853, y: -0.1055457, z: 0.0064793346}
  m_LocalScale: {x: 1, y: 1, z: 1}
  m_Children:
  - {fileID: 4870295851846933746}
  m_Father: {fileID: 2519157644321852124}
  m_RootOrder: 2
  m_LocalEulerAnglesHint: {x: 0, y: 0, z: 0}
--- !u!1 &7111805745317218811
GameObject:
  m_ObjectHideFlags: 0
  m_CorrespondingSourceObject: {fileID: 0}
  m_PrefabInstance: {fileID: 0}
  m_PrefabAsset: {fileID: 0}
  serializedVersion: 6
  m_Component:
  - component: {fileID: 6594517998566729377}
  m_Layer: 0
  m_Name: PT_Medieval_Male_RightHandIndex3
  m_TagString: Untagged
  m_Icon: {fileID: 0}
  m_NavMeshLayer: 0
  m_StaticEditorFlags: 0
  m_IsActive: 1
--- !u!4 &6594517998566729377
Transform:
  m_ObjectHideFlags: 0
  m_CorrespondingSourceObject: {fileID: 0}
  m_PrefabInstance: {fileID: 0}
  m_PrefabAsset: {fileID: 0}
  m_GameObject: {fileID: 7111805745317218811}
  m_LocalRotation: {x: 0.16408321, y: -4.554224e-18, z: -5.4650688e-17, w: 0.9864465}
  m_LocalPosition: {x: 0.0013015639, y: -0.03672187, z: -0.0035456868}
  m_LocalScale: {x: 1, y: 1, z: 1}
  m_Children: []
  m_Father: {fileID: 4946738281978136362}
  m_RootOrder: 0
  m_LocalEulerAnglesHint: {x: 0, y: 0, z: 0}
--- !u!1 &7293460935917696398
GameObject:
  m_ObjectHideFlags: 0
  m_CorrespondingSourceObject: {fileID: 0}
  m_PrefabInstance: {fileID: 0}
  m_PrefabAsset: {fileID: 0}
  serializedVersion: 6
  m_Component:
  - component: {fileID: 3449673545117924016}
  m_Layer: 0
  m_Name: PT_Medieval_Male_RightHandRing1
  m_TagString: Untagged
  m_Icon: {fileID: 0}
  m_NavMeshLayer: 0
  m_StaticEditorFlags: 0
  m_IsActive: 1
--- !u!4 &3449673545117924016
Transform:
  m_ObjectHideFlags: 0
  m_CorrespondingSourceObject: {fileID: 0}
  m_PrefabInstance: {fileID: 0}
  m_PrefabAsset: {fileID: 0}
  m_GameObject: {fileID: 7293460935917696398}
  m_LocalRotation: {x: 0.1255726, y: -0.009746213, z: -0.076765224, w: 0.989062}
  m_LocalPosition: {x: 0.020498829, y: -0.10116939, z: 0.009756999}
  m_LocalScale: {x: 1, y: 1, z: 1}
  m_Children:
  - {fileID: 978119997499442905}
  m_Father: {fileID: 2519157644321852124}
  m_RootOrder: 4
  m_LocalEulerAnglesHint: {x: 0, y: 0, z: 0}
--- !u!1 &7350039139918945523
GameObject:
  m_ObjectHideFlags: 0
  m_CorrespondingSourceObject: {fileID: 0}
  m_PrefabInstance: {fileID: 0}
  m_PrefabAsset: {fileID: 0}
  serializedVersion: 6
  m_Component:
  - component: {fileID: 4870295851846933746}
  m_Layer: 0
  m_Name: PT_Medieval_Male_RightHandMiddle2
  m_TagString: Untagged
  m_Icon: {fileID: 0}
  m_NavMeshLayer: 0
  m_StaticEditorFlags: 0
  m_IsActive: 1
--- !u!4 &4870295851846933746
Transform:
  m_ObjectHideFlags: 0
  m_CorrespondingSourceObject: {fileID: 0}
  m_PrefabInstance: {fileID: 0}
  m_PrefabAsset: {fileID: 0}
  m_GameObject: {fileID: 7350039139918945523}
  m_LocalRotation: {x: 0.1192209, y: 2.4817832e-17, z: -6.618089e-17, w: 0.99286777}
  m_LocalPosition: {x: 0.001068698, y: -0.04306795, z: 0.001119482}
  m_LocalScale: {x: 1, y: 1, z: 1}
  m_Children:
  - {fileID: 4070385182830839259}
  m_Father: {fileID: 5413717333075637315}
  m_RootOrder: 0
  m_LocalEulerAnglesHint: {x: 0, y: 0, z: 0}
--- !u!1 &7433415211281731828
GameObject:
  m_ObjectHideFlags: 0
  m_CorrespondingSourceObject: {fileID: 0}
  m_PrefabInstance: {fileID: 0}
  m_PrefabAsset: {fileID: 0}
  serializedVersion: 6
  m_Component:
  - component: {fileID: 8630867274090489500}
  m_Layer: 0
  m_Name: PT_Medieval_Male_LeftHandMiddle1
  m_TagString: Untagged
  m_Icon: {fileID: 0}
  m_NavMeshLayer: 0
  m_StaticEditorFlags: 0
  m_IsActive: 1
--- !u!4 &8630867274090489500
Transform:
  m_ObjectHideFlags: 0
  m_CorrespondingSourceObject: {fileID: 0}
  m_PrefabInstance: {fileID: 0}
  m_PrefabAsset: {fileID: 0}
  m_GameObject: {fileID: 7433415211281731828}
  m_LocalRotation: {x: 0.07121196, y: -0.0049869064, z: -0.06967975, w: 0.9950119}
  m_LocalPosition: {x: 0.006663853, y: 0.1055457, z: -0.0064793346}
  m_LocalScale: {x: 1, y: 1, z: 1}
  m_Children:
  - {fileID: 3046176285196597938}
  m_Father: {fileID: 3219068744626818040}
  m_RootOrder: 1
  m_LocalEulerAnglesHint: {x: 0, y: 0, z: 0}
--- !u!1 &7439657956590639280
GameObject:
  m_ObjectHideFlags: 0
  m_CorrespondingSourceObject: {fileID: 0}
  m_PrefabInstance: {fileID: 0}
  m_PrefabAsset: {fileID: 0}
  serializedVersion: 6
  m_Component:
  - component: {fileID: 2891165898115810077}
  m_Layer: 0
  m_Name: PT_Medieval_Male_RightCape2
  m_TagString: Untagged
  m_Icon: {fileID: 0}
  m_NavMeshLayer: 0
  m_StaticEditorFlags: 0
  m_IsActive: 1
--- !u!4 &2891165898115810077
Transform:
  m_ObjectHideFlags: 0
  m_CorrespondingSourceObject: {fileID: 0}
  m_PrefabInstance: {fileID: 0}
  m_PrefabAsset: {fileID: 0}
  m_GameObject: {fileID: 7439657956590639280}
  m_LocalRotation: {x: 0, y: -0, z: -0, w: 1}
  m_LocalPosition: {x: -0.008249855, y: -0.36404067, z: -0.047081027}
  m_LocalScale: {x: 1, y: 1, z: 1}
  m_Children:
  - {fileID: 4034042940945137534}
  m_Father: {fileID: 2359043436398097368}
  m_RootOrder: 0
  m_LocalEulerAnglesHint: {x: 0, y: 0, z: 0}
--- !u!1 &7488952734538061569
GameObject:
  m_ObjectHideFlags: 0
  m_CorrespondingSourceObject: {fileID: 0}
  m_PrefabInstance: {fileID: 0}
  m_PrefabAsset: {fileID: 0}
  serializedVersion: 6
  m_Component:
  - component: {fileID: 5819576997606512689}
  m_Layer: 0
  m_Name: PT_Medieval_Male_Quiver_slot
  m_TagString: Untagged
  m_Icon: {fileID: 0}
  m_NavMeshLayer: 0
  m_StaticEditorFlags: 0
  m_IsActive: 1
--- !u!4 &5819576997606512689
Transform:
  m_ObjectHideFlags: 0
  m_CorrespondingSourceObject: {fileID: 0}
  m_PrefabInstance: {fileID: 0}
  m_PrefabAsset: {fileID: 0}
  m_GameObject: {fileID: 7488952734538061569}
  m_LocalRotation: {x: 0.003948614, y: 0.0003202507, z: -0.27619645, w: 0.96109307}
  m_LocalPosition: {x: 0.069853894, y: -0.007842677, z: -0.1746521}
  m_LocalScale: {x: 1, y: 1, z: 1}
  m_Children: []
  m_Father: {fileID: 4040603288822990416}
  m_RootOrder: 5
  m_LocalEulerAnglesHint: {x: 0, y: 0, z: 0}
--- !u!1 &7507217968840061212
GameObject:
  m_ObjectHideFlags: 0
  m_CorrespondingSourceObject: {fileID: 0}
  m_PrefabInstance: {fileID: 0}
  m_PrefabAsset: {fileID: 0}
  serializedVersion: 6
  m_Component:
  - component: {fileID: 3034467573199355290}
  m_Layer: 0
  m_Name: PT_Medieval_Male_Neck
  m_TagString: Untagged
  m_Icon: {fileID: 0}
  m_NavMeshLayer: 0
  m_StaticEditorFlags: 0
  m_IsActive: 1
--- !u!4 &3034467573199355290
Transform:
  m_ObjectHideFlags: 0
  m_CorrespondingSourceObject: {fileID: 0}
  m_PrefabInstance: {fileID: 0}
  m_PrefabAsset: {fileID: 0}
  m_GameObject: {fileID: 7507217968840061212}
  m_LocalRotation: {x: 0.054553222, y: -0, z: -0, w: 0.9985109}
  m_LocalPosition: {x: -0, y: 0.1300481, z: -0.00507156}
  m_LocalScale: {x: 1, y: 1, z: 1}
  m_Children:
  - {fileID: 6162845983548760042}
  m_Father: {fileID: 4040603288822990416}
  m_RootOrder: 4
  m_LocalEulerAnglesHint: {x: 0, y: 0, z: 0}
--- !u!1 &7580509036301097041
GameObject:
  m_ObjectHideFlags: 0
  m_CorrespondingSourceObject: {fileID: 0}
  m_PrefabInstance: {fileID: 0}
  m_PrefabAsset: {fileID: 0}
  serializedVersion: 6
  m_Component:
  - component: {fileID: 4040603288822990416}
  m_Layer: 0
  m_Name: PT_Medieval_Male_Spine3
  m_TagString: Untagged
  m_Icon: {fileID: 0}
  m_NavMeshLayer: 0
  m_StaticEditorFlags: 0
  m_IsActive: 1
--- !u!4 &4040603288822990416
Transform:
  m_ObjectHideFlags: 0
  m_CorrespondingSourceObject: {fileID: 0}
  m_PrefabInstance: {fileID: 0}
  m_PrefabAsset: {fileID: 0}
  m_GameObject: {fileID: 7580509036301097041}
  m_LocalRotation: {x: 0, y: -0, z: -0, w: 1}
  m_LocalPosition: {x: -0, y: 0.0919023, z: -0.0129490895}
  m_LocalScale: {x: 1, y: 1, z: 1}
  m_Children:
  - {fileID: 2876943403435358071}
  - {fileID: 7387955371322523611}
  - {fileID: 6705270693926072499}
  - {fileID: 5667877780224144680}
  - {fileID: 3034467573199355290}
  - {fileID: 5819576997606512689}
  - {fileID: 2359043436398097368}
  - {fileID: 5547074721053377527}
  m_Father: {fileID: 5498956489089540358}
  m_RootOrder: 0
  m_LocalEulerAnglesHint: {x: 0, y: 0, z: 0}
--- !u!1 &7865758566639303021
GameObject:
  m_ObjectHideFlags: 0
  m_CorrespondingSourceObject: {fileID: 0}
  m_PrefabInstance: {fileID: 0}
  m_PrefabAsset: {fileID: 0}
  serializedVersion: 6
  m_Component:
  - component: {fileID: 1285736954237111515}
  m_Layer: 0
  m_Name: PT_Medieval_Male_Sheat_slot
  m_TagString: Untagged
  m_Icon: {fileID: 0}
  m_NavMeshLayer: 0
  m_StaticEditorFlags: 0
  m_IsActive: 1
--- !u!4 &1285736954237111515
Transform:
  m_ObjectHideFlags: 0
  m_CorrespondingSourceObject: {fileID: 0}
  m_PrefabInstance: {fileID: 0}
  m_PrefabAsset: {fileID: 0}
  m_GameObject: {fileID: 7865758566639303021}
  m_LocalRotation: {x: 0.58623576, y: 0.18263845, z: 0.760431, w: 0.2114603}
  m_LocalPosition: {x: 0.10185489, y: 0.08588978, z: -0.00048252856}
  m_LocalScale: {x: 1, y: 1, z: 1}
  m_Children: []
  m_Father: {fileID: 2179289617923288712}
  m_RootOrder: 1
  m_LocalEulerAnglesHint: {x: 0, y: 0, z: 0}
--- !u!1 &8127089878384749351
GameObject:
  m_ObjectHideFlags: 0
  m_CorrespondingSourceObject: {fileID: 0}
  m_PrefabInstance: {fileID: 0}
  m_PrefabAsset: {fileID: 0}
  serializedVersion: 6
  m_Component:
  - component: {fileID: 4869619094233840082}
  m_Layer: 0
  m_Name: PT_Medieval_Male_RightHandThumb3
  m_TagString: Untagged
  m_Icon: {fileID: 0}
  m_NavMeshLayer: 0
  m_StaticEditorFlags: 0
  m_IsActive: 1
--- !u!4 &4869619094233840082
Transform:
  m_ObjectHideFlags: 0
  m_CorrespondingSourceObject: {fileID: 0}
  m_PrefabInstance: {fileID: 0}
  m_PrefabAsset: {fileID: 0}
  m_GameObject: {fileID: 8127089878384749351}
  m_LocalRotation: {x: -0.07131409, y: 9.5009456e-17, z: 1.7368915e-16, w: 0.9974539}
  m_LocalPosition: {x: 0.0113181, y: -0.038020678, z: 0.00014049829}
  m_LocalScale: {x: 1, y: 1, z: 1}
  m_Children: []
  m_Father: {fileID: 9031950277647397674}
  m_RootOrder: 0
  m_LocalEulerAnglesHint: {x: 0, y: 0, z: 0}
--- !u!1 &8182692985606483860
GameObject:
  m_ObjectHideFlags: 0
  m_CorrespondingSourceObject: {fileID: 0}
  m_PrefabInstance: {fileID: 0}
  m_PrefabAsset: {fileID: 0}
  serializedVersion: 6
  m_Component:
  - component: {fileID: 6955627569026370254}
  m_Layer: 0
  m_Name: PT_Medieval_Male_LeftCape4
  m_TagString: Untagged
  m_Icon: {fileID: 0}
  m_NavMeshLayer: 0
  m_StaticEditorFlags: 0
  m_IsActive: 1
--- !u!4 &6955627569026370254
Transform:
  m_ObjectHideFlags: 0
  m_CorrespondingSourceObject: {fileID: 0}
  m_PrefabInstance: {fileID: 0}
  m_PrefabAsset: {fileID: 0}
  m_GameObject: {fileID: 8182692985606483860}
  m_LocalRotation: {x: 0, y: -0, z: -0, w: 1}
  m_LocalPosition: {x: 0.0011659999, y: 0.32133347, z: 0.037259113}
  m_LocalScale: {x: 1, y: 1, z: 1}
  m_Children: []
  m_Father: {fileID: 2876537147368115935}
  m_RootOrder: 0
  m_LocalEulerAnglesHint: {x: 0, y: 0, z: 0}
--- !u!1 &8223141354055554336
GameObject:
  m_ObjectHideFlags: 0
  m_CorrespondingSourceObject: {fileID: 0}
  m_PrefabInstance: {fileID: 0}
  m_PrefabAsset: {fileID: 0}
  serializedVersion: 6
  m_Component:
  - component: {fileID: 2876537147368115935}
  m_Layer: 0
  m_Name: PT_Medieval_Male_LeftCape3
  m_TagString: Untagged
  m_Icon: {fileID: 0}
  m_NavMeshLayer: 0
  m_StaticEditorFlags: 0
  m_IsActive: 1
--- !u!4 &2876537147368115935
Transform:
  m_ObjectHideFlags: 0
  m_CorrespondingSourceObject: {fileID: 0}
  m_PrefabInstance: {fileID: 0}
  m_PrefabAsset: {fileID: 0}
  m_GameObject: {fileID: 8223141354055554336}
  m_LocalRotation: {x: 0, y: -0, z: -0, w: 1}
  m_LocalPosition: {x: -0.0056829997, y: 0.35933298, z: 0.03601654}
  m_LocalScale: {x: 1, y: 1, z: 1}
  m_Children:
  - {fileID: 6955627569026370254}
  m_Father: {fileID: 1389432167900867805}
  m_RootOrder: 0
  m_LocalEulerAnglesHint: {x: 0, y: 0, z: 0}
--- !u!1 &8252255966522978195
GameObject:
  m_ObjectHideFlags: 0
  m_CorrespondingSourceObject: {fileID: 0}
  m_PrefabInstance: {fileID: 0}
  m_PrefabAsset: {fileID: 0}
  serializedVersion: 6
  m_Component:
  - component: {fileID: 978119997499442905}
  m_Layer: 0
  m_Name: PT_Medieval_Male_RightHandRing2
  m_TagString: Untagged
  m_Icon: {fileID: 0}
  m_NavMeshLayer: 0
  m_StaticEditorFlags: 0
  m_IsActive: 1
--- !u!4 &978119997499442905
Transform:
  m_ObjectHideFlags: 0
  m_CorrespondingSourceObject: {fileID: 0}
  m_PrefabInstance: {fileID: 0}
  m_PrefabAsset: {fileID: 0}
  m_GameObject: {fileID: 8252255966522978195}
  m_LocalRotation: {x: 0.047358062, y: -2.7603457e-17, z: -1.8402305e-17, w: 0.998878}
  m_LocalPosition: {x: 0.00445843, y: -0.04005795, z: 0.0016473439}
  m_LocalScale: {x: 1, y: 1, z: 1}
  m_Children:
  - {fileID: 4930685760460243261}
  m_Father: {fileID: 3449673545117924016}
  m_RootOrder: 0
  m_LocalEulerAnglesHint: {x: 0, y: 0, z: 0}
--- !u!1 &8308785328358413201
GameObject:
  m_ObjectHideFlags: 0
  m_CorrespondingSourceObject: {fileID: 0}
  m_PrefabInstance: {fileID: 0}
  m_PrefabAsset: {fileID: 0}
  serializedVersion: 6
  m_Component:
  - component: {fileID: 2359043436398097368}
  m_Layer: 0
  m_Name: PT_Medieval_Male_RightCape
  m_TagString: Untagged
  m_Icon: {fileID: 0}
  m_NavMeshLayer: 0
  m_StaticEditorFlags: 0
  m_IsActive: 1
--- !u!4 &2359043436398097368
Transform:
  m_ObjectHideFlags: 0
  m_CorrespondingSourceObject: {fileID: 0}
  m_PrefabInstance: {fileID: 0}
  m_PrefabAsset: {fileID: 0}
  m_GameObject: {fileID: 8308785328358413201}
  m_LocalRotation: {x: 0, y: -0, z: -0, w: 1}
  m_LocalPosition: {x: 0.11145995, y: 0.08649874, z: -0.14882901}
  m_LocalScale: {x: 1, y: 1, z: 1}
  m_Children:
  - {fileID: 2891165898115810077}
  m_Father: {fileID: 4040603288822990416}
  m_RootOrder: 6
  m_LocalEulerAnglesHint: {x: 0, y: 0, z: 0}
--- !u!1 &8390064010367521063
GameObject:
  m_ObjectHideFlags: 0
  m_CorrespondingSourceObject: {fileID: 0}
  m_PrefabInstance: {fileID: 0}
  m_PrefabAsset: {fileID: 0}
  serializedVersion: 6
  m_Component:
  - component: {fileID: 6651731212123945100}
  m_Layer: 0
  m_Name: PT_Medieval_Male_RightHandThumb1
  m_TagString: Untagged
  m_Icon: {fileID: 0}
  m_NavMeshLayer: 0
  m_StaticEditorFlags: 0
  m_IsActive: 1
--- !u!4 &6651731212123945100
Transform:
  m_ObjectHideFlags: 0
  m_CorrespondingSourceObject: {fileID: 0}
  m_PrefabInstance: {fileID: 0}
  m_PrefabAsset: {fileID: 0}
  m_GameObject: {fileID: 8390064010367521063}
  m_LocalRotation: {x: 0.16680421, y: -0.049394064, z: -0.27960357, w: 0.94422376}
  m_LocalPosition: {x: -0.03964193, y: -0.03202919, z: -0.017623939}
  m_LocalScale: {x: 1, y: 1, z: 1}
  m_Children:
  - {fileID: 9031950277647397674}
  m_Father: {fileID: 2519157644321852124}
  m_RootOrder: 5
  m_LocalEulerAnglesHint: {x: 0, y: 0, z: 0}
--- !u!1 &8497072853631179924
GameObject:
  m_ObjectHideFlags: 0
  m_CorrespondingSourceObject: {fileID: 0}
  m_PrefabInstance: {fileID: 0}
  m_PrefabAsset: {fileID: 0}
  serializedVersion: 6
  m_Component:
  - component: {fileID: 4070385182830839259}
  m_Layer: 0
  m_Name: PT_Medieval_Male_RightHandMiddle3
  m_TagString: Untagged
  m_Icon: {fileID: 0}
  m_NavMeshLayer: 0
  m_StaticEditorFlags: 0
  m_IsActive: 1
--- !u!4 &4070385182830839259
Transform:
  m_ObjectHideFlags: 0
  m_CorrespondingSourceObject: {fileID: 0}
  m_PrefabInstance: {fileID: 0}
  m_PrefabAsset: {fileID: 0}
  m_GameObject: {fileID: 8497072853631179924}
  m_LocalRotation: {x: 0.045742027, y: 5.078385e-18, z: -2.5391925e-17, w: 0.9989533}
  m_LocalPosition: {x: 0.002373535, y: -0.03550315, z: -0.0069762617}
  m_LocalScale: {x: 1, y: 1, z: 1}
  m_Children: []
  m_Father: {fileID: 4870295851846933746}
  m_RootOrder: 0
  m_LocalEulerAnglesHint: {x: 0, y: 0, z: 0}
--- !u!1 &8590411271983673344
GameObject:
  m_ObjectHideFlags: 0
  m_CorrespondingSourceObject: {fileID: 0}
  m_PrefabInstance: {fileID: 0}
  m_PrefabAsset: {fileID: 0}
  serializedVersion: 6
  m_Component:
  - component: {fileID: 2651893818544597881}
  m_Layer: 0
  m_Name: PT_Medieval_Male_LeftHandPinky2
  m_TagString: Untagged
  m_Icon: {fileID: 0}
  m_NavMeshLayer: 0
  m_StaticEditorFlags: 0
  m_IsActive: 1
--- !u!4 &2651893818544597881
Transform:
  m_ObjectHideFlags: 0
  m_CorrespondingSourceObject: {fileID: 0}
  m_PrefabInstance: {fileID: 0}
  m_PrefabAsset: {fileID: 0}
  m_GameObject: {fileID: 8590411271983673344}
  m_LocalRotation: {x: -0.08476753, y: 9.999279e-18, z: -4.7055435e-18, w: 0.9964008}
  m_LocalPosition: {x: 0.000749904, y: 0.028182639, z: -0.01020375}
  m_LocalScale: {x: 1, y: 1, z: 1}
  m_Children:
  - {fileID: 2194866584591044793}
  m_Father: {fileID: 1470431732244878949}
  m_RootOrder: 0
  m_LocalEulerAnglesHint: {x: 0, y: 0, z: 0}
--- !u!1 &8615449273751704981
GameObject:
  m_ObjectHideFlags: 0
  m_CorrespondingSourceObject: {fileID: 0}
  m_PrefabInstance: {fileID: 0}
  m_PrefabAsset: {fileID: 0}
  serializedVersion: 6
  m_Component:
  - component: {fileID: 8398720777964038379}
  m_Layer: 0
  m_Name: PT_Medieval_Male_Left_Hand_Weapon_slot
  m_TagString: Untagged
  m_Icon: {fileID: 0}
  m_NavMeshLayer: 0
  m_StaticEditorFlags: 0
  m_IsActive: 1
--- !u!4 &8398720777964038379
Transform:
  m_ObjectHideFlags: 0
  m_CorrespondingSourceObject: {fileID: 0}
  m_PrefabInstance: {fileID: 0}
  m_PrefabAsset: {fileID: 0}
  m_GameObject: {fileID: 8615449273751704981}
  m_LocalRotation: {x: -0.17130926, y: 0.18552162, z: 0.7135279, w: 0.65353864}
  m_LocalPosition: {x: 0.01811957, y: 0.3645287, z: 0.023123268}
  m_LocalScale: {x: 1, y: 1, z: 1}
  m_Children: []
  m_Father: {fileID: 6077240590584099038}
  m_RootOrder: 1
  m_LocalEulerAnglesHint: {x: 0, y: 0, z: 0}
--- !u!1 &8661681541740285387
GameObject:
  m_ObjectHideFlags: 0
  m_CorrespondingSourceObject: {fileID: 0}
  m_PrefabInstance: {fileID: 0}
  m_PrefabAsset: {fileID: 0}
  serializedVersion: 6
  m_Component:
  - component: {fileID: 8191023884720938750}
  m_Layer: 0
  m_Name: PT_Medieval_Male_RightHandPinky2
  m_TagString: Untagged
  m_Icon: {fileID: 0}
  m_NavMeshLayer: 0
  m_StaticEditorFlags: 0
  m_IsActive: 1
--- !u!4 &8191023884720938750
Transform:
  m_ObjectHideFlags: 0
  m_CorrespondingSourceObject: {fileID: 0}
  m_PrefabInstance: {fileID: 0}
  m_PrefabAsset: {fileID: 0}
  m_GameObject: {fileID: 8661681541740285387}
  m_LocalRotation: {x: -0.08476753, y: -1.6469403e-17, z: -5.411375e-17, w: 0.9964008}
  m_LocalPosition: {x: -0.000749904, y: -0.028182639, z: 0.01020375}
  m_LocalScale: {x: 1, y: 1, z: 1}
  m_Children:
  - {fileID: 4376614841954479628}
  m_Father: {fileID: 5763644112446418264}
  m_RootOrder: 0
  m_LocalEulerAnglesHint: {x: 0, y: 0, z: 0}
--- !u!1 &8741003360224443279
GameObject:
  m_ObjectHideFlags: 0
  m_CorrespondingSourceObject: {fileID: 0}
  m_PrefabInstance: {fileID: 0}
  m_PrefabAsset: {fileID: 0}
  serializedVersion: 6
  m_Component:
  - component: {fileID: 4946738281978136362}
  m_Layer: 0
  m_Name: PT_Medieval_Male_RightHandIndex2
  m_TagString: Untagged
  m_Icon: {fileID: 0}
  m_NavMeshLayer: 0
  m_StaticEditorFlags: 0
  m_IsActive: 1
--- !u!4 &4946738281978136362
Transform:
  m_ObjectHideFlags: 0
  m_CorrespondingSourceObject: {fileID: 0}
  m_PrefabInstance: {fileID: 0}
  m_PrefabAsset: {fileID: 0}
  m_GameObject: {fileID: 8741003360224443279}
  m_LocalRotation: {x: 0.09512609, y: 1.3201394e-18, z: -2.9043072e-17, w: 0.9954652}
  m_LocalPosition: {x: -0.0009678826, y: -0.04275242, z: 0.00105289}
  m_LocalScale: {x: 1, y: 1, z: 1}
  m_Children:
  - {fileID: 6594517998566729377}
  m_Father: {fileID: 3900881091745428524}
  m_RootOrder: 0
  m_LocalEulerAnglesHint: {x: 0, y: 0, z: 0}
--- !u!1 &8920549165127875990
GameObject:
  m_ObjectHideFlags: 0
  m_CorrespondingSourceObject: {fileID: 0}
  m_PrefabInstance: {fileID: 0}
  m_PrefabAsset: {fileID: 0}
  serializedVersion: 6
  m_Component:
  - component: {fileID: 2179289617923288712}
  m_Layer: 0
  m_Name: PT_Medieval_Male_LeftUpLeg
  m_TagString: Untagged
  m_Icon: {fileID: 0}
  m_NavMeshLayer: 0
  m_StaticEditorFlags: 0
  m_IsActive: 1
--- !u!4 &2179289617923288712
Transform:
  m_ObjectHideFlags: 0
  m_CorrespondingSourceObject: {fileID: 0}
  m_PrefabInstance: {fileID: 0}
  m_PrefabAsset: {fileID: 0}
  m_GameObject: {fileID: 8920549165127875990}
  m_LocalRotation: {x: -0.00022123482, y: 0.008998809, z: 0.99965745, w: 0.024576424}
  m_LocalPosition: {x: -0.07351148, y: -0.09832772, z: -0.011281599}
  m_LocalScale: {x: 1, y: 1, z: 1}
  m_Children:
  - {fileID: 450030543967652639}
  - {fileID: 1285736954237111515}
  m_Father: {fileID: 3175332516888522064}
  m_RootOrder: 0
  m_LocalEulerAnglesHint: {x: 0, y: 0, z: 0}
--- !u!1 &9056400109280264781
GameObject:
  m_ObjectHideFlags: 0
  m_CorrespondingSourceObject: {fileID: 0}
  m_PrefabInstance: {fileID: 0}
  m_PrefabAsset: {fileID: 0}
  serializedVersion: 6
  m_Component:
  - component: {fileID: 5547074721053377527}
  m_Layer: 0
  m_Name: PT_Medieval_Male_RightShoulder
  m_TagString: Untagged
  m_Icon: {fileID: 0}
  m_NavMeshLayer: 0
  m_StaticEditorFlags: 0
  m_IsActive: 1
--- !u!4 &5547074721053377527
Transform:
  m_ObjectHideFlags: 0
  m_CorrespondingSourceObject: {fileID: 0}
  m_PrefabInstance: {fileID: 0}
  m_PrefabAsset: {fileID: 0}
  m_GameObject: {fileID: 9056400109280264781}
  m_LocalRotation: {x: -0.41975918, y: 0.57201356, z: 0.43446517, w: 0.55483586}
  m_LocalPosition: {x: 0.065679304, y: 0.065528035, z: -0.0067431717}
  m_LocalScale: {x: 1, y: 1, z: 1}
  m_Children:
  - {fileID: 3892135972878066864}
  m_Father: {fileID: 4040603288822990416}
  m_RootOrder: 7
  m_LocalEulerAnglesHint: {x: 0, y: 0, z: 0}
--- !u!1 &9122692104874737535
GameObject:
  m_ObjectHideFlags: 0
  m_CorrespondingSourceObject: {fileID: 0}
  m_PrefabInstance: {fileID: 0}
  m_PrefabAsset: {fileID: 0}
  serializedVersion: 6
  m_Component:
  - component: {fileID: 8489708120898135493}
  - component: {fileID: 2535997570914467775}
  - component: {fileID: 9122692104874737532}
  - component: {fileID: 3810635031266611783}
  - component: {fileID: 3960669146154513662}
  - component: {fileID: 3960669146154513663}
  m_Layer: 0
  m_Name: NPC
  m_TagString: npc
  m_Icon: {fileID: 0}
  m_NavMeshLayer: 0
  m_StaticEditorFlags: 0
  m_IsActive: 1
--- !u!4 &8489708120898135493
Transform:
  m_ObjectHideFlags: 0
  m_CorrespondingSourceObject: {fileID: 0}
  m_PrefabInstance: {fileID: 0}
  m_PrefabAsset: {fileID: 0}
  m_GameObject: {fileID: 9122692104874737535}
  m_LocalRotation: {x: -0, y: 0.9659259, z: -0, w: 0.258819}
  m_LocalPosition: {x: -120.02, y: 49.014126, z: -468.36}
  m_LocalScale: {x: 1.5, y: 1.5, z: 1.5}
  m_Children:
  - {fileID: 3175332516888522064}
  - {fileID: 1079192195531865937}
  - {fileID: 7950343223751249473}
  - {fileID: 2767078513794249674}
  - {fileID: 4536957798899263162}
  m_Father: {fileID: 0}
  m_RootOrder: 0
  m_LocalEulerAnglesHint: {x: 0, y: -30, z: 0}
--- !u!95 &2535997570914467775
Animator:
  serializedVersion: 3
  m_ObjectHideFlags: 0
  m_CorrespondingSourceObject: {fileID: 0}
  m_PrefabInstance: {fileID: 0}
  m_PrefabAsset: {fileID: 0}
  m_GameObject: {fileID: 9122692104874737535}
  m_Enabled: 1
  m_Avatar: {fileID: 9000000, guid: bd83b7da59c20464288209a8d297eb23, type: 3}
  m_Controller: {fileID: 9100000, guid: 087c8a3cd33baa44caec2489189dcc24, type: 2}
  m_CullingMode: 1
  m_UpdateMode: 0
  m_ApplyRootMotion: 1
  m_LinearVelocityBlending: 0
  m_WarningMessage: 
  m_HasTransformHierarchy: 1
  m_AllowConstantClipSamplingOptimization: 1
  m_KeepAnimatorControllerStateOnDisable: 0
--- !u!136 &9122692104874737532
CapsuleCollider:
  m_ObjectHideFlags: 0
  m_CorrespondingSourceObject: {fileID: 0}
  m_PrefabInstance: {fileID: 0}
  m_PrefabAsset: {fileID: 0}
  m_GameObject: {fileID: 9122692104874737535}
  m_Material: {fileID: 0}
  m_IsTrigger: 1
  m_Enabled: 1
  m_Radius: 2.14
  m_Height: 3.92
  m_Direction: 1
  m_Center: {x: 0, y: 0, z: 0}
--- !u!64 &3810635031266611783
MeshCollider:
  m_ObjectHideFlags: 0
  m_CorrespondingSourceObject: {fileID: 0}
  m_PrefabInstance: {fileID: 0}
  m_PrefabAsset: {fileID: 0}
  m_GameObject: {fileID: 9122692104874737535}
  m_Material: {fileID: 0}
  m_IsTrigger: 0
  m_Enabled: 1
  serializedVersion: 4
  m_Convex: 0
  m_CookingOptions: 30
  m_Mesh: {fileID: 0}
--- !u!54 &3960669146154513662
Rigidbody:
  m_ObjectHideFlags: 0
  m_CorrespondingSourceObject: {fileID: 0}
  m_PrefabInstance: {fileID: 0}
  m_PrefabAsset: {fileID: 0}
  m_GameObject: {fileID: 9122692104874737535}
  serializedVersion: 2
  m_Mass: 1
  m_Drag: 0
  m_AngularDrag: 0.05
  m_UseGravity: 0
  m_IsKinematic: 0
  m_Interpolate: 0
  m_Constraints: 0
  m_CollisionDetection: 0
--- !u!114 &3960669146154513663
MonoBehaviour:
  m_ObjectHideFlags: 0
  m_CorrespondingSourceObject: {fileID: 0}
  m_PrefabInstance: {fileID: 0}
  m_PrefabAsset: {fileID: 0}
  m_GameObject: {fileID: 9122692104874737535}
  m_Enabled: 1
  m_EditorHideFlags: 0
  m_Script: {fileID: 11500000, guid: 307534cb8bd95de49bf7affae4ebe42c, type: 3}
  m_Name: 
  m_EditorClassIdentifier: 
--- !u!1 &9132784249213140385
GameObject:
  m_ObjectHideFlags: 0
  m_CorrespondingSourceObject: {fileID: 0}
  m_PrefabInstance: {fileID: 0}
  m_PrefabAsset: {fileID: 0}
  serializedVersion: 6
  m_Component:
  - component: {fileID: 5420540651440511328}
  m_Layer: 0
  m_Name: PT_Medieval_Male_HeadTop
  m_TagString: Untagged
  m_Icon: {fileID: 0}
  m_NavMeshLayer: 0
  m_StaticEditorFlags: 0
  m_IsActive: 1
--- !u!4 &5420540651440511328
Transform:
  m_ObjectHideFlags: 0
  m_CorrespondingSourceObject: {fileID: 0}
  m_PrefabInstance: {fileID: 0}
  m_PrefabAsset: {fileID: 0}
  m_GameObject: {fileID: 9132784249213140385}
  m_LocalRotation: {x: 0, y: -0, z: -0, w: 1}
  m_LocalPosition: {x: -0, y: 0.20320208, z: 0.014664959}
  m_LocalScale: {x: 1, y: 1, z: 1}
  m_Children: []
  m_Father: {fileID: 6162845983548760042}
  m_RootOrder: 0
  m_LocalEulerAnglesHint: {x: 0, y: 0, z: 0}
--- !u!1 &9187331316256641732
GameObject:
  m_ObjectHideFlags: 0
  m_CorrespondingSourceObject: {fileID: 0}
  m_PrefabInstance: {fileID: 0}
  m_PrefabAsset: {fileID: 0}
  serializedVersion: 6
  m_Component:
  - component: {fileID: 450030543967652639}
  m_Layer: 0
  m_Name: PT_Medieval_Male_LeftLeg
  m_TagString: Untagged
  m_Icon: {fileID: 0}
  m_NavMeshLayer: 0
  m_StaticEditorFlags: 0
  m_IsActive: 1
--- !u!4 &450030543967652639
Transform:
  m_ObjectHideFlags: 0
  m_CorrespondingSourceObject: {fileID: 0}
  m_PrefabInstance: {fileID: 0}
  m_PrefabAsset: {fileID: 0}
  m_GameObject: {fileID: 9187331316256641732}
  m_LocalRotation: {x: -0.021330472, y: -0.00066280883, z: 0.03105127, w: 0.99929}
  m_LocalPosition: {x: 0.0025026707, y: 0.42045552, z: 0.004834262}
  m_LocalScale: {x: 1, y: 1, z: 1}
  m_Children:
  - {fileID: 1731495809917996610}
  m_Father: {fileID: 2179289617923288712}
  m_RootOrder: 0
  m_LocalEulerAnglesHint: {x: 0, y: 0, z: 0}
