%YAML 1.1
%TAG !u! tag:unity3d.com,2011:
--- !u!1 &300633336153979287
GameObject:
  m_ObjectHideFlags: 0
  m_CorrespondingSourceObject: {fileID: 0}
  m_PrefabInstance: {fileID: 0}
  m_PrefabAsset: {fileID: 0}
  serializedVersion: 6
  m_Component:
  - component: {fileID: 933339981847115860}
  m_Layer: 0
  m_Name: B-spine
  m_TagString: Untagged
  m_Icon: {fileID: 0}
  m_NavMeshLayer: 0
  m_StaticEditorFlags: 0
  m_IsActive: 1
--- !u!4 &933339981847115860
Transform:
  m_ObjectHideFlags: 0
  m_CorrespondingSourceObject: {fileID: 0}
  m_PrefabInstance: {fileID: 0}
  m_PrefabAsset: {fileID: 0}
  m_GameObject: {fileID: 300633336153979287}
  m_LocalRotation: {x: 0, y: -0, z: -0, w: 1}
  m_LocalPosition: {x: -0.19221, y: 0, z: 0}
  m_LocalScale: {x: 1, y: 1, z: 1}
  m_Children:
  - {fileID: 6618232536166717750}
  m_Father: {fileID: 3130098931527737681}
  m_RootOrder: 0
  m_LocalEulerAnglesHint: {x: 0, y: 0, z: 0}
--- !u!1 &502351459216140494
GameObject:
  m_ObjectHideFlags: 0
  m_CorrespondingSourceObject: {fileID: 0}
  m_PrefabInstance: {fileID: 0}
  m_PrefabAsset: {fileID: 0}
  serializedVersion: 6
  m_Component:
  - component: {fileID: 4803796678885135161}
  m_Layer: 0
  m_Name: B-f_pinky_01.R
  m_TagString: Untagged
  m_Icon: {fileID: 0}
  m_NavMeshLayer: 0
  m_StaticEditorFlags: 0
  m_IsActive: 1
--- !u!4 &4803796678885135161
Transform:
  m_ObjectHideFlags: 0
  m_CorrespondingSourceObject: {fileID: 0}
  m_PrefabInstance: {fileID: 0}
  m_PrefabAsset: {fileID: 0}
  m_GameObject: {fileID: 502351459216140494}
  m_LocalRotation: {x: 0.022065882, y: 0.18361983, z: 0.016697342, w: 0.9826078}
  m_LocalPosition: {x: -0.072687, y: 0, z: 0}
  m_LocalScale: {x: 1, y: 1, z: 1}
  m_Children:
  - {fileID: 1533953467024745932}
  m_Father: {fileID: 1997383907699244858}
  m_RootOrder: 0
  m_LocalEulerAnglesHint: {x: 0, y: 0, z: 0}
--- !u!1 &646314486556443866
GameObject:
  m_ObjectHideFlags: 0
  m_CorrespondingSourceObject: {fileID: 0}
  m_PrefabInstance: {fileID: 0}
  m_PrefabAsset: {fileID: 0}
  serializedVersion: 6
  m_Component:
  - component: {fileID: 1158791580570329452}
  m_Layer: 0
  m_Name: B-thumb_03.R
  m_TagString: Untagged
  m_Icon: {fileID: 0}
  m_NavMeshLayer: 0
  m_StaticEditorFlags: 0
  m_IsActive: 1
--- !u!4 &1158791580570329452
Transform:
  m_ObjectHideFlags: 0
  m_CorrespondingSourceObject: {fileID: 0}
  m_PrefabInstance: {fileID: 0}
  m_PrefabAsset: {fileID: 0}
  m_GameObject: {fileID: 646314486556443866}
  m_LocalRotation: {x: 0.06894547, y: -0.024259614, z: -0.10824321, w: 0.99143404}
  m_LocalPosition: {x: -0.048265, y: 0, z: 0}
  m_LocalScale: {x: 1, y: 1, z: 1}
  m_Children: []
  m_Father: {fileID: 2647759907551907372}
  m_RootOrder: 0
  m_LocalEulerAnglesHint: {x: 0, y: 0, z: 0}
--- !u!1 &909720141922870219
GameObject:
  m_ObjectHideFlags: 0
  m_CorrespondingSourceObject: {fileID: 0}
  m_PrefabInstance: {fileID: 0}
  m_PrefabAsset: {fileID: 0}
  serializedVersion: 6
  m_Component:
  - component: {fileID: 2741657617491486073}
  m_Layer: 0
  m_Name: B-palm_04.L
  m_TagString: Untagged
  m_Icon: {fileID: 0}
  m_NavMeshLayer: 0
  m_StaticEditorFlags: 0
  m_IsActive: 1
--- !u!4 &2741657617491486073
Transform:
  m_ObjectHideFlags: 0
  m_CorrespondingSourceObject: {fileID: 0}
  m_PrefabInstance: {fileID: 0}
  m_PrefabAsset: {fileID: 0}
  m_GameObject: {fileID: 909720141922870219}
  m_LocalRotation: {x: -0.049944714, y: 0.06262834, z: 0.07398395, w: 0.99403703}
  m_LocalPosition: {x: -0.095152, y: -0.043863, z: -0.000203}
  m_LocalScale: {x: 1, y: 1, z: 1}
  m_Children:
  - {fileID: 5199252484473467064}
  m_Father: {fileID: 3944798384336263771}
  m_RootOrder: 3
  m_LocalEulerAnglesHint: {x: 0, y: 0, z: 0}
--- !u!1 &963668492099410210
GameObject:
  m_ObjectHideFlags: 0
  m_CorrespondingSourceObject: {fileID: 0}
  m_PrefabInstance: {fileID: 0}
  m_PrefabAsset: {fileID: 0}
  serializedVersion: 6
  m_Component:
  - component: {fileID: 8190980178442582154}
  m_Layer: 0
  m_Name: B-shoulder.R
  m_TagString: Untagged
  m_Icon: {fileID: 0}
  m_NavMeshLayer: 0
  m_StaticEditorFlags: 0
  m_IsActive: 1
--- !u!4 &8190980178442582154
Transform:
  m_ObjectHideFlags: 0
  m_CorrespondingSourceObject: {fileID: 0}
  m_PrefabInstance: {fileID: 0}
  m_PrefabAsset: {fileID: 0}
  m_GameObject: {fileID: 963668492099410210}
  m_LocalRotation: {x: -0.4998996, y: 0.50023127, z: 0.5001003, w: -0.49976873}
  m_LocalPosition: {x: -0.2633, y: 0.0183, z: 0}
  m_LocalScale: {x: 1, y: 1, z: 1}
  m_Children:
  - {fileID: 7873546793843622560}
  m_Father: {fileID: 6618232536166717750}
  m_RootOrder: 2
  m_LocalEulerAnglesHint: {x: 0, y: 0, z: 0}
--- !u!1 &1020993895654647574
GameObject:
  m_ObjectHideFlags: 0
  m_CorrespondingSourceObject: {fileID: 0}
  m_PrefabInstance: {fileID: 0}
  m_PrefabAsset: {fileID: 0}
  serializedVersion: 6
  m_Component:
  - component: {fileID: 6618232536166717750}
  m_Layer: 0
  m_Name: B-chest
  m_TagString: Untagged
  m_Icon: {fileID: 0}
  m_NavMeshLayer: 0
  m_StaticEditorFlags: 0
  m_IsActive: 1
--- !u!4 &6618232536166717750
Transform:
  m_ObjectHideFlags: 0
  m_CorrespondingSourceObject: {fileID: 0}
  m_PrefabInstance: {fileID: 0}
  m_PrefabAsset: {fileID: 0}
  m_GameObject: {fileID: 1020993895654647574}
  m_LocalRotation: {x: 0, y: -0, z: -0, w: 1}
  m_LocalPosition: {x: -0.1581, y: 0, z: 0}
  m_LocalScale: {x: 1, y: 1, z: 1}
  m_Children:
  - {fileID: 2724020717947542111}
  - {fileID: 5911570510923032246}
  - {fileID: 8190980178442582154}
  m_Father: {fileID: 933339981847115860}
  m_RootOrder: 0
  m_LocalEulerAnglesHint: {x: 0, y: 0, z: 0}
--- !u!1 &1037530518240042317
GameObject:
  m_ObjectHideFlags: 0
  m_CorrespondingSourceObject: {fileID: 0}
  m_PrefabInstance: {fileID: 0}
  m_PrefabAsset: {fileID: 0}
  serializedVersion: 6
  m_Component:
  - component: {fileID: 6566503485531403683}
  m_Layer: 0
  m_Name: B-f_middle_03.R
  m_TagString: Untagged
  m_Icon: {fileID: 0}
  m_NavMeshLayer: 0
  m_StaticEditorFlags: 0
  m_IsActive: 1
--- !u!4 &6566503485531403683
Transform:
  m_ObjectHideFlags: 0
  m_CorrespondingSourceObject: {fileID: 0}
  m_PrefabInstance: {fileID: 0}
  m_PrefabAsset: {fileID: 0}
  m_GameObject: {fileID: 1037530518240042317}
  m_LocalRotation: {x: -0.008808772, y: -0.0056415815, z: 0.0003525967, w: 0.9999452}
  m_LocalPosition: {x: -0.042021, y: 0, z: 0}
  m_LocalScale: {x: 1, y: 1, z: 1}
  m_Children: []
  m_Father: {fileID: 734598921930184706}
  m_RootOrder: 0
  m_LocalEulerAnglesHint: {x: 0, y: 0, z: 0}
--- !u!1 &1062547830822272906
GameObject:
  m_ObjectHideFlags: 0
  m_CorrespondingSourceObject: {fileID: 0}
  m_PrefabInstance: {fileID: 0}
  m_PrefabAsset: {fileID: 0}
  serializedVersion: 6
  m_Component:
  - component: {fileID: 1533953467024745932}
  m_Layer: 0
  m_Name: B-f_pinky_02.R
  m_TagString: Untagged
  m_Icon: {fileID: 0}
  m_NavMeshLayer: 0
  m_StaticEditorFlags: 0
  m_IsActive: 1
--- !u!4 &1533953467024745932
Transform:
  m_ObjectHideFlags: 0
  m_CorrespondingSourceObject: {fileID: 0}
  m_PrefabInstance: {fileID: 0}
  m_PrefabAsset: {fileID: 0}
  m_GameObject: {fileID: 1062547830822272906}
  m_LocalRotation: {x: 0.009864263, y: -0.040002953, z: 0.025971798, w: 0.9988133}
  m_LocalPosition: {x: -0.041692, y: 0, z: 0}
  m_LocalScale: {x: 1, y: 1, z: 1}
  m_Children:
  - {fileID: 7850308453056596300}
  m_Father: {fileID: 4803796678885135161}
  m_RootOrder: 0
  m_LocalEulerAnglesHint: {x: 0, y: 0, z: 0}
--- !u!1 &1367142581851221888
GameObject:
  m_ObjectHideFlags: 0
  m_CorrespondingSourceObject: {fileID: 0}
  m_PrefabInstance: {fileID: 0}
  m_PrefabAsset: {fileID: 0}
  serializedVersion: 6
  m_Component:
  - component: {fileID: 5199252484473467064}
  m_Layer: 0
  m_Name: B-f_pinky_01.L
  m_TagString: Untagged
  m_Icon: {fileID: 0}
  m_NavMeshLayer: 0
  m_StaticEditorFlags: 0
  m_IsActive: 1
--- !u!4 &5199252484473467064
Transform:
  m_ObjectHideFlags: 0
  m_CorrespondingSourceObject: {fileID: 0}
  m_PrefabInstance: {fileID: 0}
  m_PrefabAsset: {fileID: 0}
  m_GameObject: {fileID: 1367142581851221888}
  m_LocalRotation: {x: -0.022065882, y: 0.18361983, z: -0.016697342, w: 0.9826078}
  m_LocalPosition: {x: -0.072687, y: 0, z: 0}
  m_LocalScale: {x: 1, y: 1, z: 1}
  m_Children:
  - {fileID: 1265605709937505774}
  m_Father: {fileID: 2741657617491486073}
  m_RootOrder: 0
  m_LocalEulerAnglesHint: {x: 0, y: 0, z: 0}
--- !u!1 &1407212525221052313
GameObject:
  m_ObjectHideFlags: 0
  m_CorrespondingSourceObject: {fileID: 0}
  m_PrefabInstance: {fileID: 0}
  m_PrefabAsset: {fileID: 0}
  serializedVersion: 6
  m_Component:
  - component: {fileID: 5262180848595134460}
  m_Layer: 0
  m_Name: B-thumb_02.L
  m_TagString: Untagged
  m_Icon: {fileID: 0}
  m_NavMeshLayer: 0
  m_StaticEditorFlags: 0
  m_IsActive: 1
--- !u!4 &5262180848595134460
Transform:
  m_ObjectHideFlags: 0
  m_CorrespondingSourceObject: {fileID: 0}
  m_PrefabInstance: {fileID: 0}
  m_PrefabAsset: {fileID: 0}
  m_GameObject: {fileID: 1407212525221052313}
  m_LocalRotation: {x: 0.10602388, y: 0.1080946, z: 0.13745251, w: 0.97886735}
  m_LocalPosition: {x: -0.06024, y: 0, z: 0}
  m_LocalScale: {x: 1, y: 1, z: 1}
  m_Children:
  - {fileID: 3346495195647223531}
  m_Father: {fileID: 1094291818095369715}
  m_RootOrder: 0
  m_LocalEulerAnglesHint: {x: 0, y: 0, z: 0}
--- !u!1 &1432358988565173796
GameObject:
  m_ObjectHideFlags: 0
  m_CorrespondingSourceObject: {fileID: 0}
  m_PrefabInstance: {fileID: 0}
  m_PrefabAsset: {fileID: 0}
  serializedVersion: 6
  m_Component:
  - component: {fileID: 2647759907551907372}
  m_Layer: 0
  m_Name: B-thumb_02.R
  m_TagString: Untagged
  m_Icon: {fileID: 0}
  m_NavMeshLayer: 0
  m_StaticEditorFlags: 0
  m_IsActive: 1
--- !u!4 &2647759907551907372
Transform:
  m_ObjectHideFlags: 0
  m_CorrespondingSourceObject: {fileID: 0}
  m_PrefabInstance: {fileID: 0}
  m_PrefabAsset: {fileID: 0}
  m_GameObject: {fileID: 1432358988565173796}
  m_LocalRotation: {x: -0.10602388, y: 0.1080946, z: -0.13745251, w: 0.97886735}
  m_LocalPosition: {x: -0.06024, y: 0, z: 0}
  m_LocalScale: {x: 1, y: 1, z: 1}
  m_Children:
  - {fileID: 1158791580570329452}
  m_Father: {fileID: 2851080332997825465}
  m_RootOrder: 0
  m_LocalEulerAnglesHint: {x: 0, y: 0, z: 0}
--- !u!1 &1446128543226074017
GameObject:
  m_ObjectHideFlags: 0
  m_CorrespondingSourceObject: {fileID: 0}
  m_PrefabInstance: {fileID: 0}
  m_PrefabAsset: {fileID: 0}
  serializedVersion: 6
  m_Component:
  - component: {fileID: 2205805742532595692}
  m_Layer: 0
  m_Name: B-foot.L
  m_TagString: Untagged
  m_Icon: {fileID: 0}
  m_NavMeshLayer: 0
  m_StaticEditorFlags: 0
  m_IsActive: 1
--- !u!4 &2205805742532595692
Transform:
  m_ObjectHideFlags: 0
  m_CorrespondingSourceObject: {fileID: 0}
  m_PrefabInstance: {fileID: 0}
  m_PrefabAsset: {fileID: 0}
  m_GameObject: {fileID: 1446128543226074017}
  m_LocalRotation: {x: -0.029670518, y: -0.50401926, z: -0.01566997, w: 0.86304045}
  m_LocalPosition: {x: -0.38628897, y: -0.0010149999, z: 0.000031}
  m_LocalScale: {x: 1, y: 1, z: 1}
  m_Children:
  - {fileID: 8545154077829442792}
  m_Father: {fileID: 5889534821733831056}
  m_RootOrder: 0
  m_LocalEulerAnglesHint: {x: 0, y: 0, z: 0}
--- !u!1 &1878577374796156946
GameObject:
  m_ObjectHideFlags: 0
  m_CorrespondingSourceObject: {fileID: 0}
  m_PrefabInstance: {fileID: 0}
  m_PrefabAsset: {fileID: 0}
  serializedVersion: 6
  m_Component:
  - component: {fileID: 9044053584666411189}
  m_Layer: 0
  m_Name: B-palm_03.R
  m_TagString: Untagged
  m_Icon: {fileID: 0}
  m_NavMeshLayer: 0
  m_StaticEditorFlags: 0
  m_IsActive: 1
--- !u!4 &9044053584666411189
Transform:
  m_ObjectHideFlags: 0
  m_CorrespondingSourceObject: {fileID: 0}
  m_PrefabInstance: {fileID: 0}
  m_PrefabAsset: {fileID: 0}
  m_GameObject: {fileID: 1878577374796156946}
  m_LocalRotation: {x: 0.07611391, y: 0.03253316, z: -0.013177571, w: 0.9964811}
  m_LocalPosition: {x: -0.100857, y: 0.020715, z: -0.002559}
  m_LocalScale: {x: 1, y: 1, z: 1}
  m_Children:
  - {fileID: 1328577179197258104}
  m_Father: {fileID: 5597483564076369298}
  m_RootOrder: 2
  m_LocalEulerAnglesHint: {x: 0, y: 0, z: 0}
--- !u!1 &2052745726054472747
GameObject:
  m_ObjectHideFlags: 0
  m_CorrespondingSourceObject: {fileID: 0}
  m_PrefabInstance: {fileID: 0}
  m_PrefabAsset: {fileID: 0}
  serializedVersion: 6
  m_Component:
  - component: {fileID: 3944798384336263771}
  m_Layer: 0
  m_Name: B-hand.L
  m_TagString: Untagged
  m_Icon: {fileID: 0}
  m_NavMeshLayer: 0
  m_StaticEditorFlags: 0
  m_IsActive: 1
--- !u!4 &3944798384336263771
Transform:
  m_ObjectHideFlags: 0
  m_CorrespondingSourceObject: {fileID: 0}
  m_PrefabInstance: {fileID: 0}
  m_PrefabAsset: {fileID: 0}
  m_GameObject: {fileID: 2052745726054472747}
  m_LocalRotation: {x: 0.70791644, y: 0.0125909485, z: 0.030061476, w: 0.7055438}
  m_LocalPosition: {x: -0.255349, y: 0, z: 0}
  m_LocalScale: {x: 1, y: 1, z: 1}
  m_Children:
  - {fileID: 7356778071059966515}
  - {fileID: 3619708174632246019}
  - {fileID: 4746270946801788399}
  - {fileID: 2741657617491486073}
  m_Father: {fileID: 697804239399674213}
  m_RootOrder: 0
  m_LocalEulerAnglesHint: {x: 0, y: 0, z: 0}
--- !u!1 &2096259642217790262
GameObject:
  m_ObjectHideFlags: 0
  m_CorrespondingSourceObject: {fileID: 0}
  m_PrefabInstance: {fileID: 0}
  m_PrefabAsset: {fileID: 0}
  serializedVersion: 6
  m_Component:
  - component: {fileID: 8301365923840522372}
  m_Layer: 0
  m_Name: B-thigh.L
  m_TagString: Untagged
  m_Icon: {fileID: 0}
  m_NavMeshLayer: 0
  m_StaticEditorFlags: 0
  m_IsActive: 1
--- !u!4 &8301365923840522372
Transform:
  m_ObjectHideFlags: 0
  m_CorrespondingSourceObject: {fileID: 0}
  m_PrefabInstance: {fileID: 0}
  m_PrefabAsset: {fileID: 0}
  m_GameObject: {fileID: 2096259642217790262}
  m_LocalRotation: {x: 0.025986617, y: 0.99790233, z: -0.026008874, w: 0.05328374}
  m_LocalPosition: {x: -0, y: -0.153061, z: 0}
  m_LocalScale: {x: 1, y: 1, z: 1}
  m_Children:
  - {fileID: 5889534821733831056}
  m_Father: {fileID: 3130098931527737681}
  m_RootOrder: 1
  m_LocalEulerAnglesHint: {x: 0, y: 0, z: 0}
--- !u!1 &3071062222052975859
GameObject:
  m_ObjectHideFlags: 0
  m_CorrespondingSourceObject: {fileID: 0}
  m_PrefabInstance: {fileID: 0}
  m_PrefabAsset: {fileID: 0}
  serializedVersion: 6
  m_Component:
  - component: {fileID: 5200974653701525790}
  m_Layer: 0
  m_Name: B-f_ring_03.R
  m_TagString: Untagged
  m_Icon: {fileID: 0}
  m_NavMeshLayer: 0
  m_StaticEditorFlags: 0
  m_IsActive: 1
--- !u!4 &5200974653701525790
Transform:
  m_ObjectHideFlags: 0
  m_CorrespondingSourceObject: {fileID: 0}
  m_PrefabInstance: {fileID: 0}
  m_PrefabAsset: {fileID: 0}
  m_GameObject: {fileID: 3071062222052975859}
  m_LocalRotation: {x: -0.011127848, y: -0.0008177748, z: 0.00016020662, w: 0.9999378}
  m_LocalPosition: {x: -0.038450997, y: 0, z: 0}
  m_LocalScale: {x: 1, y: 1, z: 1}
  m_Children: []
  m_Father: {fileID: 8365728556634558714}
  m_RootOrder: 0
  m_LocalEulerAnglesHint: {x: 0, y: 0, z: 0}
--- !u!1 &3096190049207779793
GameObject:
  m_ObjectHideFlags: 0
  m_CorrespondingSourceObject: {fileID: 0}
  m_PrefabInstance: {fileID: 0}
  m_PrefabAsset: {fileID: 0}
  serializedVersion: 6
  m_Component:
  - component: {fileID: 734598921930184706}
  m_Layer: 0
  m_Name: B-f_middle_02.R
  m_TagString: Untagged
  m_Icon: {fileID: 0}
  m_NavMeshLayer: 0
  m_StaticEditorFlags: 0
  m_IsActive: 1
--- !u!4 &734598921930184706
Transform:
  m_ObjectHideFlags: 0
  m_CorrespondingSourceObject: {fileID: 0}
  m_PrefabInstance: {fileID: 0}
  m_PrefabAsset: {fileID: 0}
  m_GameObject: {fileID: 3096190049207779793}
  m_LocalRotation: {x: 0.013404224, y: -0.094342425, z: 0.0020918061, w: 0.9954474}
  m_LocalPosition: {x: -0.037125, y: 0, z: 0}
  m_LocalScale: {x: 1, y: 1, z: 1}
  m_Children:
  - {fileID: 6566503485531403683}
  m_Father: {fileID: 3263489719334158920}
  m_RootOrder: 0
  m_LocalEulerAnglesHint: {x: 0, y: 0, z: 0}
--- !u!1 &3225789024283369715
GameObject:
  m_ObjectHideFlags: 0
  m_CorrespondingSourceObject: {fileID: 0}
  m_PrefabInstance: {fileID: 0}
  m_PrefabAsset: {fileID: 0}
  serializedVersion: 6
  m_Component:
  - component: {fileID: 8300268203482593034}
  m_Layer: 0
  m_Name: B-f_ring_02.L
  m_TagString: Untagged
  m_Icon: {fileID: 0}
  m_NavMeshLayer: 0
  m_StaticEditorFlags: 0
  m_IsActive: 1
--- !u!4 &8300268203482593034
Transform:
  m_ObjectHideFlags: 0
  m_CorrespondingSourceObject: {fileID: 0}
  m_PrefabInstance: {fileID: 0}
  m_PrefabAsset: {fileID: 0}
  m_GameObject: {fileID: 3225789024283369715}
  m_LocalRotation: {x: -0.016417721, y: -0.084423155, z: 0.0011921921, w: 0.996294}
  m_LocalPosition: {x: -0.038969, y: 0, z: 0}
  m_LocalScale: {x: 1, y: 1, z: 1}
  m_Children:
  - {fileID: 8403089544283408981}
  m_Father: {fileID: 6209856446612364793}
  m_RootOrder: 0
  m_LocalEulerAnglesHint: {x: 0, y: 0, z: 0}
--- !u!1 &3341165343273775244
GameObject:
  m_ObjectHideFlags: 0
  m_CorrespondingSourceObject: {fileID: 0}
  m_PrefabInstance: {fileID: 0}
  m_PrefabAsset: {fileID: 0}
  serializedVersion: 6
  m_Component:
  - component: {fileID: 2122962744238295546}
  m_Layer: 0
  m_Name: B-f_index_03.L
  m_TagString: Untagged
  m_Icon: {fileID: 0}
  m_NavMeshLayer: 0
  m_StaticEditorFlags: 0
  m_IsActive: 1
--- !u!4 &2122962744238295546
Transform:
  m_ObjectHideFlags: 0
  m_CorrespondingSourceObject: {fileID: 0}
  m_PrefabInstance: {fileID: 0}
  m_PrefabAsset: {fileID: 0}
  m_GameObject: {fileID: 3341165343273775244}
  m_LocalRotation: {x: -0.013391213, y: 0.0010560318, z: -0.00026164346, w: 0.99990976}
  m_LocalPosition: {x: -0.040629, y: 0, z: 0}
  m_LocalScale: {x: 1, y: 1, z: 1}
  m_Children: []
  m_Father: {fileID: 1720195390924094934}
  m_RootOrder: 0
  m_LocalEulerAnglesHint: {x: 0, y: 0, z: 0}
--- !u!1 &3587729987741009030
GameObject:
  m_ObjectHideFlags: 0
  m_CorrespondingSourceObject: {fileID: 0}
  m_PrefabInstance: {fileID: 0}
  m_PrefabAsset: {fileID: 0}
  serializedVersion: 6
  m_Component:
  - component: {fileID: 3619708174632246019}
  m_Layer: 0
  m_Name: B-palm_02.L
  m_TagString: Untagged
  m_Icon: {fileID: 0}
  m_NavMeshLayer: 0
  m_StaticEditorFlags: 0
  m_IsActive: 1
--- !u!4 &3619708174632246019
Transform:
  m_ObjectHideFlags: 0
  m_CorrespondingSourceObject: {fileID: 0}
  m_PrefabInstance: {fileID: 0}
  m_PrefabAsset: {fileID: 0}
  m_GameObject: {fileID: 3587729987741009030}
  m_LocalRotation: {x: -0.030525867, y: -0.0068833767, z: -0.04247561, w: 0.99860734}
  m_LocalPosition: {x: -0.102158, y: 0.00549, z: -0.0032809998}
  m_LocalScale: {x: 1, y: 1, z: 1}
  m_Children:
  - {fileID: 7827586189450727180}
  m_Father: {fileID: 3944798384336263771}
  m_RootOrder: 1
  m_LocalEulerAnglesHint: {x: 0, y: 0, z: 0}
--- !u!1 &3854772841995099682
GameObject:
  m_ObjectHideFlags: 0
  m_CorrespondingSourceObject: {fileID: 0}
  m_PrefabInstance: {fileID: 0}
  m_PrefabAsset: {fileID: 0}
  serializedVersion: 6
  m_Component:
  - component: {fileID: 2713625826968628622}
  m_Layer: 0
  m_Name: B-f_index_03.R
  m_TagString: Untagged
  m_Icon: {fileID: 0}
  m_NavMeshLayer: 0
  m_StaticEditorFlags: 0
  m_IsActive: 1
--- !u!4 &2713625826968628622
Transform:
  m_ObjectHideFlags: 0
  m_CorrespondingSourceObject: {fileID: 0}
  m_PrefabInstance: {fileID: 0}
  m_PrefabAsset: {fileID: 0}
  m_GameObject: {fileID: 3854772841995099682}
  m_LocalRotation: {x: 0.013391213, y: 0.0010560318, z: 0.00026164346, w: 0.99990976}
  m_LocalPosition: {x: -0.040629, y: 0, z: 0}
  m_LocalScale: {x: 1, y: 1, z: 1}
  m_Children: []
  m_Father: {fileID: 5091881540697912180}
  m_RootOrder: 0
  m_LocalEulerAnglesHint: {x: 0, y: 0, z: 0}
--- !u!1 &4177842894357181985
GameObject:
  m_ObjectHideFlags: 0
  m_CorrespondingSourceObject: {fileID: 0}
  m_PrefabInstance: {fileID: 0}
  m_PrefabAsset: {fileID: 0}
  serializedVersion: 6
  m_Component:
  - component: {fileID: 8545154077829442792}
  m_Layer: 0
  m_Name: B-toe.L
  m_TagString: Untagged
  m_Icon: {fileID: 0}
  m_NavMeshLayer: 0
  m_StaticEditorFlags: 0
  m_IsActive: 1
--- !u!4 &8545154077829442792
Transform:
  m_ObjectHideFlags: 0
  m_CorrespondingSourceObject: {fileID: 0}
  m_PrefabInstance: {fileID: 0}
  m_PrefabAsset: {fileID: 0}
  m_GameObject: {fileID: 4177842894357181985}
  m_LocalRotation: {x: 0.940551, y: -0.0006113166, z: 0.33949566, w: -0.01030304}
  m_LocalPosition: {x: -0.17386998, y: 0, z: 0}
  m_LocalScale: {x: 1, y: 1, z: 1}
  m_Children: []
  m_Father: {fileID: 2205805742532595692}
  m_RootOrder: 0
  m_LocalEulerAnglesHint: {x: 0, y: 0, z: 0}
--- !u!1 &4316707399401386520
GameObject:
  m_ObjectHideFlags: 0
  m_CorrespondingSourceObject: {fileID: 0}
  m_PrefabInstance: {fileID: 0}
  m_PrefabAsset: {fileID: 0}
  serializedVersion: 6
  m_Component:
  - component: {fileID: 4053125084927951299}
  m_Layer: 0
  m_Name: B-palm_02.R
  m_TagString: Untagged
  m_Icon: {fileID: 0}
  m_NavMeshLayer: 0
  m_StaticEditorFlags: 0
  m_IsActive: 1
--- !u!4 &4053125084927951299
Transform:
  m_ObjectHideFlags: 0
  m_CorrespondingSourceObject: {fileID: 0}
  m_PrefabInstance: {fileID: 0}
  m_PrefabAsset: {fileID: 0}
  m_GameObject: {fileID: 4316707399401386520}
  m_LocalRotation: {x: 0.030525867, y: -0.0068833767, z: 0.04247561, w: 0.99860734}
  m_LocalPosition: {x: -0.102158, y: -0.00549, z: -0.0032809998}
  m_LocalScale: {x: 1, y: 1, z: 1}
  m_Children:
  - {fileID: 3263489719334158920}
  m_Father: {fileID: 5597483564076369298}
  m_RootOrder: 1
  m_LocalEulerAnglesHint: {x: 0, y: 0, z: 0}
--- !u!1 &4429796838643872084
GameObject:
  m_ObjectHideFlags: 0
  m_CorrespondingSourceObject: {fileID: 0}
  m_PrefabInstance: {fileID: 0}
  m_PrefabAsset: {fileID: 0}
  serializedVersion: 6
  m_Component:
  - component: {fileID: 7356778071059966515}
  m_Layer: 0
  m_Name: B-palm_01.L
  m_TagString: Untagged
  m_Icon: {fileID: 0}
  m_NavMeshLayer: 0
  m_StaticEditorFlags: 0
  m_IsActive: 1
--- !u!4 &7356778071059966515
Transform:
  m_ObjectHideFlags: 0
  m_CorrespondingSourceObject: {fileID: 0}
  m_PrefabInstance: {fileID: 0}
  m_PrefabAsset: {fileID: 0}
  m_GameObject: {fileID: 4429796838643872084}
  m_LocalRotation: {x: -0.046093307, y: -0.0012885556, z: -0.04484089, w: 0.9979294}
  m_LocalPosition: {x: -0.102531, y: 0.040784, z: -0.0027869998}
  m_LocalScale: {x: 1, y: 1, z: 1}
  m_Children:
  - {fileID: 5404608242157663751}
  - {fileID: 1094291818095369715}
  m_Father: {fileID: 3944798384336263771}
  m_RootOrder: 0
  m_LocalEulerAnglesHint: {x: 0, y: 0, z: 0}
--- !u!1 &4536811347766276461
GameObject:
  m_ObjectHideFlags: 0
  m_CorrespondingSourceObject: {fileID: 0}
  m_PrefabInstance: {fileID: 0}
  m_PrefabAsset: {fileID: 0}
  serializedVersion: 6
  m_Component:
  - component: {fileID: 5091881540697912180}
  m_Layer: 0
  m_Name: B-f_index_02.R
  m_TagString: Untagged
  m_Icon: {fileID: 0}
  m_NavMeshLayer: 0
  m_StaticEditorFlags: 0
  m_IsActive: 1
--- !u!4 &5091881540697912180
Transform:
  m_ObjectHideFlags: 0
  m_CorrespondingSourceObject: {fileID: 0}
  m_PrefabInstance: {fileID: 0}
  m_PrefabAsset: {fileID: 0}
  m_GameObject: {fileID: 4536811347766276461}
  m_LocalRotation: {x: -0.002152774, y: -0.05623975, z: 0.0015315317, w: 0.9984138}
  m_LocalPosition: {x: -0.038326, y: 0, z: 0}
  m_LocalScale: {x: 1, y: 1, z: 1}
  m_Children:
  - {fileID: 2713625826968628622}
  m_Father: {fileID: 3061174612968053110}
  m_RootOrder: 0
  m_LocalEulerAnglesHint: {x: 0, y: 0, z: 0}
--- !u!1 &4566444614270970299
GameObject:
  m_ObjectHideFlags: 0
  m_CorrespondingSourceObject: {fileID: 0}
  m_PrefabInstance: {fileID: 0}
  m_PrefabAsset: {fileID: 0}
  serializedVersion: 6
  m_Component:
  - component: {fileID: 7987891477595503708}
  - component: {fileID: 6054497980032097526}
  m_Layer: 0
  m_Name: Skeleton
  m_TagString: Untagged
  m_Icon: {fileID: 0}
  m_NavMeshLayer: 0
  m_StaticEditorFlags: 0
  m_IsActive: 1
--- !u!4 &7987891477595503708
Transform:
  m_ObjectHideFlags: 0
  m_CorrespondingSourceObject: {fileID: 0}
  m_PrefabInstance: {fileID: 0}
  m_PrefabAsset: {fileID: 0}
  m_GameObject: {fileID: 4566444614270970299}
  m_LocalRotation: {x: -0, y: -0, z: -0.24665532, w: 0.9691033}
  m_LocalPosition: {x: -0, y: 0, z: 0}
  m_LocalScale: {x: 1, y: 1, z: 1}
  m_Children: []
  m_Father: {fileID: 4494315350366056767}
  m_RootOrder: 0
  m_LocalEulerAnglesHint: {x: 0, y: 0, z: -28.559002}
--- !u!137 &6054497980032097526
SkinnedMeshRenderer:
  m_ObjectHideFlags: 0
  m_CorrespondingSourceObject: {fileID: 0}
  m_PrefabInstance: {fileID: 0}
  m_PrefabAsset: {fileID: 0}
  m_GameObject: {fileID: 4566444614270970299}
  m_Enabled: 1
  m_CastShadows: 1
  m_ReceiveShadows: 1
  m_DynamicOccludee: 1
  m_MotionVectors: 1
  m_LightProbeUsage: 1
  m_ReflectionProbeUsage: 1
  m_RayTracingMode: 3
  m_RenderingLayerMask: 1
  m_RendererPriority: 0
  m_Materials:
  - {fileID: 2100000, guid: 92fc3cab0a1f1dd42bdd46a803eba9d3, type: 2}
  m_StaticBatchInfo:
    firstSubMesh: 0
    subMeshCount: 0
  m_StaticBatchRoot: {fileID: 0}
  m_ProbeAnchor: {fileID: 0}
  m_LightProbeVolumeOverride: {fileID: 0}
  m_ScaleInLightmap: 1
  m_ReceiveGI: 1
  m_PreserveUVs: 0
  m_IgnoreNormalsForChartDetection: 0
  m_ImportantGI: 0
  m_StitchLightmapSeams: 1
  m_SelectedEditorRenderState: 3
  m_MinimumChartSize: 4
  m_AutoUVMaxDistance: 0.5
  m_AutoUVMaxAngle: 89
  m_LightmapParameters: {fileID: 0}
  m_SortingLayerID: 0
  m_SortingLayer: 0
  m_SortingOrder: 0
  serializedVersion: 2
  m_Quality: 0
  m_UpdateWhenOffscreen: 0
  m_SkinnedMotionVectors: 1
  m_Mesh: {fileID: -5273605855520333666, guid: 8ed68a3a383765a4bb2001de21d699c1, type: 3}
  m_Bones:
  - {fileID: 3130098931527737681}
  - {fileID: 933339981847115860}
  - {fileID: 6618232536166717750}
  - {fileID: 2724020717947542111}
  - {fileID: 993131008667064179}
  - {fileID: 8603656625112436411}
  - {fileID: 5911570510923032246}
  - {fileID: 7203432572212069060}
  - {fileID: 697804239399674213}
  - {fileID: 3944798384336263771}
  - {fileID: 5404608242157663751}
  - {fileID: 1720195390924094934}
  - {fileID: 2122962744238295546}
  - {fileID: 1094291818095369715}
  - {fileID: 5262180848595134460}
  - {fileID: 3346495195647223531}
  - {fileID: 7827586189450727180}
  - {fileID: 8914457410567949117}
  - {fileID: 3814310611217117828}
  - {fileID: 6209856446612364793}
  - {fileID: 8300268203482593034}
  - {fileID: 8403089544283408981}
  - {fileID: 5199252484473467064}
  - {fileID: 1265605709937505774}
  - {fileID: 3317366138716231761}
  - {fileID: 8190980178442582154}
  - {fileID: 7873546793843622560}
  - {fileID: 3557091955952024295}
  - {fileID: 5597483564076369298}
  - {fileID: 3061174612968053110}
  - {fileID: 5091881540697912180}
  - {fileID: 2713625826968628622}
  - {fileID: 2851080332997825465}
  - {fileID: 2647759907551907372}
  - {fileID: 1158791580570329452}
  - {fileID: 3263489719334158920}
  - {fileID: 734598921930184706}
  - {fileID: 6566503485531403683}
  - {fileID: 1328577179197258104}
  - {fileID: 8365728556634558714}
  - {fileID: 5200974653701525790}
  - {fileID: 4803796678885135161}
  - {fileID: 1533953467024745932}
  - {fileID: 7850308453056596300}
  - {fileID: 8301365923840522372}
  - {fileID: 5889534821733831056}
  - {fileID: 2205805742532595692}
  - {fileID: 8545154077829442792}
  - {fileID: 1887396381665037267}
  - {fileID: 6972365576048873224}
  - {fileID: 7497209501394068625}
  - {fileID: 7591222197179521364}
  m_BlendShapeWeights: []
  m_RootBone: {fileID: 3130098931527737681}
  m_AABB:
    m_Center: {x: 0.11748749, y: -0.00000047683716, z: 0.06237109}
    m_Extent: {x: 1.0491571, y: 1.0712135, z: 0.21192269}
  m_DirtyAABB: 0
--- !u!1 &4586438037318179999
GameObject:
  m_ObjectHideFlags: 0
  m_CorrespondingSourceObject: {fileID: 0}
  m_PrefabInstance: {fileID: 0}
  m_PrefabAsset: {fileID: 0}
  serializedVersion: 6
  m_Component:
  - component: {fileID: 5404608242157663751}
  m_Layer: 0
  m_Name: B-f_index_01.L
  m_TagString: Untagged
  m_Icon: {fileID: 0}
  m_NavMeshLayer: 0
  m_StaticEditorFlags: 0
  m_IsActive: 1
--- !u!4 &5404608242157663751
Transform:
  m_ObjectHideFlags: 0
  m_CorrespondingSourceObject: {fileID: 0}
  m_PrefabInstance: {fileID: 0}
  m_PrefabAsset: {fileID: 0}
  m_GameObject: {fileID: 4586438037318179999}
  m_LocalRotation: {x: 0.042966038, y: 0.13054514, z: 0.029150097, w: 0.9900819}
  m_LocalPosition: {x: -0.081824, y: 0, z: 0}
  m_LocalScale: {x: 1, y: 1, z: 1}
  m_Children:
  - {fileID: 1720195390924094934}
  m_Father: {fileID: 7356778071059966515}
  m_RootOrder: 0
  m_LocalEulerAnglesHint: {x: 0, y: 0, z: 0}
--- !u!1 &4738322754703584257
GameObject:
  m_ObjectHideFlags: 0
  m_CorrespondingSourceObject: {fileID: 0}
  m_PrefabInstance: {fileID: 0}
  m_PrefabAsset: {fileID: 0}
  serializedVersion: 6
  m_Component:
  - component: {fileID: 5597483564076369298}
  m_Layer: 0
  m_Name: B-hand.R
  m_TagString: Untagged
  m_Icon: {fileID: 0}
  m_NavMeshLayer: 0
  m_StaticEditorFlags: 0
  m_IsActive: 1
--- !u!4 &5597483564076369298
Transform:
  m_ObjectHideFlags: 0
  m_CorrespondingSourceObject: {fileID: 0}
  m_PrefabInstance: {fileID: 0}
  m_PrefabAsset: {fileID: 0}
  m_GameObject: {fileID: 4738322754703584257}
  m_LocalRotation: {x: -0.70791644, y: 0.0125909485, z: -0.030061476, w: 0.7055438}
  m_LocalPosition: {x: -0.255349, y: 0, z: 0}
  m_LocalScale: {x: 1, y: 1, z: 1}
  m_Children:
  - {fileID: 7475965815968013770}
  - {fileID: 4053125084927951299}
  - {fileID: 9044053584666411189}
  - {fileID: 1997383907699244858}
  m_Father: {fileID: 3557091955952024295}
  m_RootOrder: 0
  m_LocalEulerAnglesHint: {x: 0, y: 0, z: 0}
--- !u!1 &4839176803687226810
GameObject:
  m_ObjectHideFlags: 0
  m_CorrespondingSourceObject: {fileID: 0}
  m_PrefabInstance: {fileID: 0}
  m_PrefabAsset: {fileID: 0}
  serializedVersion: 6
  m_Component:
  - component: {fileID: 1328577179197258104}
  m_Layer: 0
  m_Name: B-f_ring_01.R
  m_TagString: Untagged
  m_Icon: {fileID: 0}
  m_NavMeshLayer: 0
  m_StaticEditorFlags: 0
  m_IsActive: 1
--- !u!4 &1328577179197258104
Transform:
  m_ObjectHideFlags: 0
  m_CorrespondingSourceObject: {fileID: 0}
  m_PrefabInstance: {fileID: 0}
  m_PrefabAsset: {fileID: 0}
  m_GameObject: {fileID: 4839176803687226810}
  m_LocalRotation: {x: -0.040932417, y: 0.18310452, z: -0.004160598, w: 0.98223215}
  m_LocalPosition: {x: -0.073382, y: 0, z: 0}
  m_LocalScale: {x: 1, y: 1, z: 1}
  m_Children:
  - {fileID: 8365728556634558714}
  m_Father: {fileID: 9044053584666411189}
  m_RootOrder: 0
  m_LocalEulerAnglesHint: {x: 0, y: 0, z: 0}
--- !u!1 &4920062043573055826
GameObject:
  m_ObjectHideFlags: 0
  m_CorrespondingSourceObject: {fileID: 0}
  m_PrefabInstance: {fileID: 0}
  m_PrefabAsset: {fileID: 0}
  serializedVersion: 6
  m_Component:
  - component: {fileID: 8914457410567949117}
  m_Layer: 0
  m_Name: B-f_middle_02.L
  m_TagString: Untagged
  m_Icon: {fileID: 0}
  m_NavMeshLayer: 0
  m_StaticEditorFlags: 0
  m_IsActive: 1
--- !u!4 &8914457410567949117
Transform:
  m_ObjectHideFlags: 0
  m_CorrespondingSourceObject: {fileID: 0}
  m_PrefabInstance: {fileID: 0}
  m_PrefabAsset: {fileID: 0}
  m_GameObject: {fileID: 4920062043573055826}
  m_LocalRotation: {x: -0.013404224, y: -0.094342425, z: -0.0020918061, w: 0.9954474}
  m_LocalPosition: {x: -0.037125, y: 0, z: 0}
  m_LocalScale: {x: 1, y: 1, z: 1}
  m_Children:
  - {fileID: 3814310611217117828}
  m_Father: {fileID: 7827586189450727180}
  m_RootOrder: 0
  m_LocalEulerAnglesHint: {x: 0, y: 0, z: 0}
--- !u!1 &5062277156603131683
GameObject:
  m_ObjectHideFlags: 0
  m_CorrespondingSourceObject: {fileID: 0}
  m_PrefabInstance: {fileID: 0}
  m_PrefabAsset: {fileID: 0}
  serializedVersion: 6
  m_Component:
  - component: {fileID: 4746270946801788399}
  m_Layer: 0
  m_Name: B-palm_03.L
  m_TagString: Untagged
  m_Icon: {fileID: 0}
  m_NavMeshLayer: 0
  m_StaticEditorFlags: 0
  m_IsActive: 1
--- !u!4 &4746270946801788399
Transform:
  m_ObjectHideFlags: 0
  m_CorrespondingSourceObject: {fileID: 0}
  m_PrefabInstance: {fileID: 0}
  m_PrefabAsset: {fileID: 0}
  m_GameObject: {fileID: 5062277156603131683}
  m_LocalRotation: {x: -0.07611391, y: 0.03253316, z: 0.013177571, w: 0.9964811}
  m_LocalPosition: {x: -0.100857, y: -0.020715, z: -0.002559}
  m_LocalScale: {x: 1, y: 1, z: 1}
  m_Children:
  - {fileID: 6209856446612364793}
  m_Father: {fileID: 3944798384336263771}
  m_RootOrder: 2
  m_LocalEulerAnglesHint: {x: 0, y: 0, z: 0}
--- !u!1 &5092853908302951353
GameObject:
  m_ObjectHideFlags: 0
  m_CorrespondingSourceObject: {fileID: 0}
  m_PrefabInstance: {fileID: 0}
  m_PrefabAsset: {fileID: 0}
  serializedVersion: 6
  m_Component:
  - component: {fileID: 1887396381665037267}
  m_Layer: 0
  m_Name: B-thigh.R
  m_TagString: Untagged
  m_Icon: {fileID: 0}
  m_NavMeshLayer: 0
  m_StaticEditorFlags: 0
  m_IsActive: 1
--- !u!4 &1887396381665037267
Transform:
  m_ObjectHideFlags: 0
  m_CorrespondingSourceObject: {fileID: 0}
  m_PrefabInstance: {fileID: 0}
  m_PrefabAsset: {fileID: 0}
  m_GameObject: {fileID: 5092853908302951353}
  m_LocalRotation: {x: -0.025986597, y: 0.9979024, z: 0.026008854, w: 0.053282868}
  m_LocalPosition: {x: -0, y: 0.153061, z: 0}
  m_LocalScale: {x: 1, y: 1, z: 1}
  m_Children:
  - {fileID: 6972365576048873224}
  m_Father: {fileID: 3130098931527737681}
  m_RootOrder: 2
  m_LocalEulerAnglesHint: {x: 0, y: 0, z: 0}
--- !u!1 &5215120318202642343
GameObject:
  m_ObjectHideFlags: 0
  m_CorrespondingSourceObject: {fileID: 0}
  m_PrefabInstance: {fileID: 0}
  m_PrefabAsset: {fileID: 0}
  serializedVersion: 6
  m_Component:
  - component: {fileID: 7203432572212069060}
  m_Layer: 0
  m_Name: B-upper_arm.L
  m_TagString: Untagged
  m_Icon: {fileID: 0}
  m_NavMeshLayer: 0
  m_StaticEditorFlags: 0
  m_IsActive: 1
--- !u!4 &7203432572212069060
Transform:
  m_ObjectHideFlags: 0
  m_CorrespondingSourceObject: {fileID: 0}
  m_PrefabInstance: {fileID: 0}
  m_PrefabAsset: {fileID: 0}
  m_GameObject: {fileID: 5215120318202642343}
  m_LocalRotation: {x: 0.70968974, y: -0.010749217, z: -0.011505548, w: 0.70433843}
  m_LocalPosition: {x: -0.193978, y: -0.0050919997, z: -0.062276}
  m_LocalScale: {x: 1, y: 1, z: 1}
  m_Children:
  - {fileID: 697804239399674213}
  m_Father: {fileID: 5911570510923032246}
  m_RootOrder: 0
  m_LocalEulerAnglesHint: {x: 0, y: 0, z: 0}
--- !u!1 &5258682759938136672
GameObject:
  m_ObjectHideFlags: 0
  m_CorrespondingSourceObject: {fileID: 0}
  m_PrefabInstance: {fileID: 0}
  m_PrefabAsset: {fileID: 0}
  serializedVersion: 6
  m_Component:
  - component: {fileID: 5889534821733831056}
  m_Layer: 0
  m_Name: B-shin.L
  m_TagString: Untagged
  m_Icon: {fileID: 0}
  m_NavMeshLayer: 0
  m_StaticEditorFlags: 0
  m_IsActive: 1
--- !u!4 &5889534821733831056
Transform:
  m_ObjectHideFlags: 0
  m_CorrespondingSourceObject: {fileID: 0}
  m_PrefabInstance: {fileID: 0}
  m_PrefabAsset: {fileID: 0}
  m_GameObject: {fileID: 5258682759938136672}
  m_LocalRotation: {x: -0.005719055, y: 0.14218813, z: -0.012175391, w: 0.98974824}
  m_LocalPosition: {x: -0.482646, y: 0, z: 0}
  m_LocalScale: {x: 1, y: 1, z: 1}
  m_Children:
  - {fileID: 2205805742532595692}
  m_Father: {fileID: 8301365923840522372}
  m_RootOrder: 0
  m_LocalEulerAnglesHint: {x: 0, y: 0, z: 0}
--- !u!1 &5367683920193485183
GameObject:
  m_ObjectHideFlags: 0
  m_CorrespondingSourceObject: {fileID: 0}
  m_PrefabInstance: {fileID: 0}
  m_PrefabAsset: {fileID: 0}
  serializedVersion: 6
  m_Component:
  - component: {fileID: 3317366138716231761}
  m_Layer: 0
  m_Name: B-f_pinky_03.L
  m_TagString: Untagged
  m_Icon: {fileID: 0}
  m_NavMeshLayer: 0
  m_StaticEditorFlags: 0
  m_IsActive: 1
--- !u!4 &3317366138716231761
Transform:
  m_ObjectHideFlags: 0
  m_CorrespondingSourceObject: {fileID: 0}
  m_PrefabInstance: {fileID: 0}
  m_PrefabAsset: {fileID: 0}
  m_GameObject: {fileID: 5367683920193485183}
  m_LocalRotation: {x: 0.0091647385, y: -0.008686876, z: -0.0025800713, w: 0.999917}
  m_LocalPosition: {x: -0.028998999, y: 0, z: 0}
  m_LocalScale: {x: 1, y: 1, z: 1}
  m_Children: []
  m_Father: {fileID: 1265605709937505774}
  m_RootOrder: 0
  m_LocalEulerAnglesHint: {x: 0, y: 0, z: 0}
--- !u!1 &5834203729073868154
GameObject:
  m_ObjectHideFlags: 0
  m_CorrespondingSourceObject: {fileID: 0}
  m_PrefabInstance: {fileID: 0}
  m_PrefabAsset: {fileID: 0}
  serializedVersion: 6
  m_Component:
  - component: {fileID: 993131008667064179}
  m_Layer: 0
  m_Name: B-head
  m_TagString: Untagged
  m_Icon: {fileID: 0}
  m_NavMeshLayer: 0
  m_StaticEditorFlags: 0
  m_IsActive: 1
--- !u!4 &993131008667064179
Transform:
  m_ObjectHideFlags: 0
  m_CorrespondingSourceObject: {fileID: 0}
  m_PrefabInstance: {fileID: 0}
  m_PrefabAsset: {fileID: 0}
  m_GameObject: {fileID: 5834203729073868154}
  m_LocalRotation: {x: -0, y: -0.09107146, z: 0, w: 0.99584436}
  m_LocalPosition: {x: -0.112117, y: 0, z: 0}
  m_LocalScale: {x: 1, y: 1, z: 1}
  m_Children:
  - {fileID: 8603656625112436411}
  m_Father: {fileID: 2724020717947542111}
  m_RootOrder: 0
  m_LocalEulerAnglesHint: {x: 0, y: 0, z: 0}
--- !u!1 &5841879899041044149
GameObject:
  m_ObjectHideFlags: 0
  m_CorrespondingSourceObject: {fileID: 0}
  m_PrefabInstance: {fileID: 0}
  m_PrefabAsset: {fileID: 0}
  serializedVersion: 6
  m_Component:
  - component: {fileID: 5841879899041044148}
  - component: {fileID: 5841879899041044153}
  - component: {fileID: 5841879899041044150}
  - component: {fileID: 5841879899041044151}
  m_Layer: 0
  m_Name: GroundCheck
  m_TagString: Untagged
  m_Icon: {fileID: 0}
  m_NavMeshLayer: 0
  m_StaticEditorFlags: 0
  m_IsActive: 1
--- !u!4 &5841879899041044148
Transform:
  m_ObjectHideFlags: 0
  m_CorrespondingSourceObject: {fileID: 0}
  m_PrefabInstance: {fileID: 0}
  m_PrefabAsset: {fileID: 0}
  m_GameObject: {fileID: 5841879899041044149}
  m_LocalRotation: {x: 0, y: 0, z: 0, w: 1}
  m_LocalPosition: {x: 0, y: 0.065, z: 0}
  m_LocalScale: {x: 0.1, y: 0.1, z: 0.1}
  m_Children: []
  m_Father: {fileID: 8984815770491683506}
  m_RootOrder: 5
  m_LocalEulerAnglesHint: {x: 0, y: 0, z: 0}
--- !u!33 &5841879899041044153
MeshFilter:
  m_ObjectHideFlags: 0
  m_CorrespondingSourceObject: {fileID: 0}
  m_PrefabInstance: {fileID: 0}
  m_PrefabAsset: {fileID: 0}
  m_GameObject: {fileID: 5841879899041044149}
  m_Mesh: {fileID: 10202, guid: 0000000000000000e000000000000000, type: 0}
--- !u!23 &5841879899041044150
MeshRenderer:
  m_ObjectHideFlags: 0
  m_CorrespondingSourceObject: {fileID: 0}
  m_PrefabInstance: {fileID: 0}
  m_PrefabAsset: {fileID: 0}
  m_GameObject: {fileID: 5841879899041044149}
  m_Enabled: 0
  m_CastShadows: 1
  m_ReceiveShadows: 1
  m_DynamicOccludee: 1
  m_MotionVectors: 1
  m_LightProbeUsage: 1
  m_ReflectionProbeUsage: 1
  m_RayTracingMode: 2
  m_RenderingLayerMask: 1
  m_RendererPriority: 0
  m_Materials:
  - {fileID: 10303, guid: 0000000000000000f000000000000000, type: 0}
  m_StaticBatchInfo:
    firstSubMesh: 0
    subMeshCount: 0
  m_StaticBatchRoot: {fileID: 0}
  m_ProbeAnchor: {fileID: 0}
  m_LightProbeVolumeOverride: {fileID: 0}
  m_ScaleInLightmap: 1
  m_ReceiveGI: 1
  m_PreserveUVs: 0
  m_IgnoreNormalsForChartDetection: 0
  m_ImportantGI: 0
  m_StitchLightmapSeams: 1
  m_SelectedEditorRenderState: 3
  m_MinimumChartSize: 4
  m_AutoUVMaxDistance: 0.5
  m_AutoUVMaxAngle: 89
  m_LightmapParameters: {fileID: 0}
  m_SortingLayerID: 0
  m_SortingLayer: 0
  m_SortingOrder: 0
--- !u!65 &5841879899041044151
BoxCollider:
  m_ObjectHideFlags: 0
  m_CorrespondingSourceObject: {fileID: 0}
  m_PrefabInstance: {fileID: 0}
  m_PrefabAsset: {fileID: 0}
  m_GameObject: {fileID: 5841879899041044149}
  m_Material: {fileID: 0}
  m_IsTrigger: 0
  m_Enabled: 1
  serializedVersion: 2
  m_Size: {x: 1, y: 1, z: 1}
  m_Center: {x: 0, y: 0, z: 0}
--- !u!1 &5841879900169408210
GameObject:
  m_ObjectHideFlags: 0
  m_CorrespondingSourceObject: {fileID: 0}
  m_PrefabInstance: {fileID: 0}
  m_PrefabAsset: {fileID: 0}
  serializedVersion: 6
  m_Component:
  - component: {fileID: 5841879900169408213}
  - component: {fileID: 5841879900169408215}
  - component: {fileID: 5841879900169408212}
  m_Layer: 0
  m_Name: Camera
  m_TagString: Untagged
  m_Icon: {fileID: 0}
  m_NavMeshLayer: 0
  m_StaticEditorFlags: 0
  m_IsActive: 1
--- !u!4 &5841879900169408213
Transform:
  m_ObjectHideFlags: 0
  m_CorrespondingSourceObject: {fileID: 0}
  m_PrefabInstance: {fileID: 0}
  m_PrefabAsset: {fileID: 0}
  m_GameObject: {fileID: 5841879900169408210}
  m_LocalRotation: {x: 0, y: 0, z: 0, w: 1}
  m_LocalPosition: {x: 0, y: 1.81, z: 0}
  m_LocalScale: {x: 1, y: 1, z: 1}
  m_Children: []
  m_Father: {fileID: 8984815770491683506}
  m_RootOrder: 2
  m_LocalEulerAnglesHint: {x: 0, y: 0, z: 0}
--- !u!20 &5841879900169408215
Camera:
  m_ObjectHideFlags: 0
  m_CorrespondingSourceObject: {fileID: 0}
  m_PrefabInstance: {fileID: 0}
  m_PrefabAsset: {fileID: 0}
  m_GameObject: {fileID: 5841879900169408210}
  m_Enabled: 1
  serializedVersion: 2
  m_ClearFlags: 1
  m_BackGroundColor: {r: 0.19215687, g: 0.3019608, b: 0.4745098, a: 0}
  m_projectionMatrixMode: 1
  m_GateFitMode: 2
  m_FOVAxisMode: 0
  m_SensorSize: {x: 36, y: 24}
  m_LensShift: {x: 0, y: 0}
  m_FocalLength: 50
  m_NormalizedViewPortRect:
    serializedVersion: 2
    x: 0
    y: 0
    width: 1
    height: 1
  near clip plane: 0.3
  far clip plane: 1000
  field of view: 60
  orthographic: 0
  orthographic size: 5
  m_Depth: 0
  m_CullingMask:
    serializedVersion: 2
    m_Bits: 4294967295
  m_RenderingPath: -1
  m_TargetTexture: {fileID: 0}
  m_TargetDisplay: 0
  m_TargetEye: 3
  m_HDR: 1
  m_AllowMSAA: 1
  m_AllowDynamicResolution: 0
  m_ForceIntoRT: 0
  m_OcclusionCulling: 1
  m_StereoConvergence: 10
  m_StereoSeparation: 0.022
--- !u!81 &5841879900169408212
AudioListener:
  m_ObjectHideFlags: 0
  m_CorrespondingSourceObject: {fileID: 0}
  m_PrefabInstance: {fileID: 0}
  m_PrefabAsset: {fileID: 0}
  m_GameObject: {fileID: 5841879900169408210}
  m_Enabled: 1
--- !u!1 &5939579010910254940
GameObject:
  m_ObjectHideFlags: 0
  m_CorrespondingSourceObject: {fileID: 0}
  m_PrefabInstance: {fileID: 0}
  m_PrefabAsset: {fileID: 0}
  serializedVersion: 6
  m_Component:
  - component: {fileID: 7873546793843622560}
  m_Layer: 0
  m_Name: B-upper_arm.R
  m_TagString: Untagged
  m_Icon: {fileID: 0}
  m_NavMeshLayer: 0
  m_StaticEditorFlags: 0
  m_IsActive: 1
--- !u!4 &7873546793843622560
Transform:
  m_ObjectHideFlags: 0
  m_CorrespondingSourceObject: {fileID: 0}
  m_PrefabInstance: {fileID: 0}
  m_PrefabAsset: {fileID: 0}
  m_GameObject: {fileID: 5939579010910254940}
  m_LocalRotation: {x: -0.70968974, y: -0.010749217, z: 0.011505548, w: 0.70433843}
  m_LocalPosition: {x: -0.193978, y: 0.0050919997, z: -0.062276}
  m_LocalScale: {x: 1, y: 1, z: 1}
  m_Children:
  - {fileID: 3557091955952024295}
  m_Father: {fileID: 8190980178442582154}
  m_RootOrder: 0
  m_LocalEulerAnglesHint: {x: 0, y: 0, z: 0}
--- !u!1 &6193669617604219595
GameObject:
  m_ObjectHideFlags: 0
  m_CorrespondingSourceObject: {fileID: 0}
  m_PrefabInstance: {fileID: 0}
  m_PrefabAsset: {fileID: 0}
  serializedVersion: 6
  m_Component:
  - component: {fileID: 7827586189450727180}
  m_Layer: 0
  m_Name: B-f_middle_01.L
  m_TagString: Untagged
  m_Icon: {fileID: 0}
  m_NavMeshLayer: 0
  m_StaticEditorFlags: 0
  m_IsActive: 1
--- !u!4 &7827586189450727180
Transform:
  m_ObjectHideFlags: 0
  m_CorrespondingSourceObject: {fileID: 0}
  m_PrefabInstance: {fileID: 0}
  m_PrefabAsset: {fileID: 0}
  m_GameObject: {fileID: 6193669617604219595}
  m_LocalRotation: {x: 0.011954633, y: 0.22236152, z: 0.043113668, w: 0.9739372}
  m_LocalPosition: {x: -0.083337, y: 0, z: 0}
  m_LocalScale: {x: 1, y: 1, z: 1}
  m_Children:
  - {fileID: 8914457410567949117}
  m_Father: {fileID: 3619708174632246019}
  m_RootOrder: 0
  m_LocalEulerAnglesHint: {x: 0, y: 0, z: 0}
--- !u!1 &6534792775655068282
GameObject:
  m_ObjectHideFlags: 0
  m_CorrespondingSourceObject: {fileID: 0}
  m_PrefabInstance: {fileID: 0}
  m_PrefabAsset: {fileID: 0}
  serializedVersion: 6
  m_Component:
  - component: {fileID: 697804239399674213}
  m_Layer: 0
  m_Name: B-forearm.L
  m_TagString: Untagged
  m_Icon: {fileID: 0}
  m_NavMeshLayer: 0
  m_StaticEditorFlags: 0
  m_IsActive: 1
--- !u!4 &697804239399674213
Transform:
  m_ObjectHideFlags: 0
  m_CorrespondingSourceObject: {fileID: 0}
  m_PrefabInstance: {fileID: 0}
  m_PrefabAsset: {fileID: 0}
  m_GameObject: {fileID: 6534792775655068282}
  m_LocalRotation: {x: -0.0051670554, y: 0.031706702, z: 0.0008784296, w: 0.9994835}
  m_LocalPosition: {x: -0.299722, y: 0, z: 0}
  m_LocalScale: {x: 1, y: 1, z: 1}
  m_Children:
  - {fileID: 3944798384336263771}
  m_Father: {fileID: 7203432572212069060}
  m_RootOrder: 0
  m_LocalEulerAnglesHint: {x: 0, y: 0, z: 0}
--- !u!1 &6634490063930373868
GameObject:
  m_ObjectHideFlags: 0
  m_CorrespondingSourceObject: {fileID: 0}
  m_PrefabInstance: {fileID: 0}
  m_PrefabAsset: {fileID: 0}
  serializedVersion: 6
  m_Component:
  - component: {fileID: 3346495195647223531}
  m_Layer: 0
  m_Name: B-thumb_03.L
  m_TagString: Untagged
  m_Icon: {fileID: 0}
  m_NavMeshLayer: 0
  m_StaticEditorFlags: 0
  m_IsActive: 1
--- !u!4 &3346495195647223531
Transform:
  m_ObjectHideFlags: 0
  m_CorrespondingSourceObject: {fileID: 0}
  m_PrefabInstance: {fileID: 0}
  m_PrefabAsset: {fileID: 0}
  m_GameObject: {fileID: 6634490063930373868}
  m_LocalRotation: {x: -0.06894547, y: -0.024259614, z: 0.10824321, w: 0.99143404}
  m_LocalPosition: {x: -0.048265, y: 0, z: 0}
  m_LocalScale: {x: 1, y: 1, z: 1}
  m_Children: []
  m_Father: {fileID: 5262180848595134460}
  m_RootOrder: 0
  m_LocalEulerAnglesHint: {x: 0, y: 0, z: 0}
--- !u!1 &6735768537515415395
GameObject:
  m_ObjectHideFlags: 0
  m_CorrespondingSourceObject: {fileID: 0}
  m_PrefabInstance: {fileID: 0}
  m_PrefabAsset: {fileID: 0}
  serializedVersion: 6
  m_Component:
  - component: {fileID: 6972365576048873224}
  m_Layer: 0
  m_Name: B-shin.R
  m_TagString: Untagged
  m_Icon: {fileID: 0}
  m_NavMeshLayer: 0
  m_StaticEditorFlags: 0
  m_IsActive: 1
--- !u!4 &6972365576048873224
Transform:
  m_ObjectHideFlags: 0
  m_CorrespondingSourceObject: {fileID: 0}
  m_PrefabInstance: {fileID: 0}
  m_PrefabAsset: {fileID: 0}
  m_GameObject: {fileID: 6735768537515415395}
  m_LocalRotation: {x: 0.005719055, y: 0.14218813, z: 0.012175391, w: 0.98974824}
  m_LocalPosition: {x: -0.482646, y: 0, z: 0}
  m_LocalScale: {x: 1, y: 1, z: 1}
  m_Children:
  - {fileID: 7497209501394068625}
  m_Father: {fileID: 1887396381665037267}
  m_RootOrder: 0
  m_LocalEulerAnglesHint: {x: 0, y: 0, z: 0}
--- !u!1 &6787498046420887039
GameObject:
  m_ObjectHideFlags: 0
  m_CorrespondingSourceObject: {fileID: 0}
  m_PrefabInstance: {fileID: 0}
  m_PrefabAsset: {fileID: 0}
  serializedVersion: 6
  m_Component:
  - component: {fileID: 4837336304037350553}
  m_Layer: 0
  m_Name: Rig
  m_TagString: Untagged
  m_Icon: {fileID: 0}
  m_NavMeshLayer: 0
  m_StaticEditorFlags: 0
  m_IsActive: 1
--- !u!4 &4837336304037350553
Transform:
  m_ObjectHideFlags: 0
  m_CorrespondingSourceObject: {fileID: 0}
  m_PrefabInstance: {fileID: 0}
  m_PrefabAsset: {fileID: 0}
  m_GameObject: {fileID: 6787498046420887039}
  m_LocalRotation: {x: -0.7071068, y: 0, z: -0, w: 0.7071068}
  m_LocalPosition: {x: -0, y: 0, z: 0}
  m_LocalScale: {x: 1, y: 1, z: 1}
  m_Children:
  - {fileID: 966958876409445633}
  m_Father: {fileID: 8984815770491683506}
  m_RootOrder: 4
  m_LocalEulerAnglesHint: {x: 0, y: 0, z: 0}
--- !u!1 &6890959256564195186
GameObject:
  m_ObjectHideFlags: 0
  m_CorrespondingSourceObject: {fileID: 0}
  m_PrefabInstance: {fileID: 0}
  m_PrefabAsset: {fileID: 0}
  serializedVersion: 6
  m_Component:
  - component: {fileID: 2851080332997825465}
  m_Layer: 0
  m_Name: B-thumb_01.R
  m_TagString: Untagged
  m_Icon: {fileID: 0}
  m_NavMeshLayer: 0
  m_StaticEditorFlags: 0
  m_IsActive: 1
--- !u!4 &2851080332997825465
Transform:
  m_ObjectHideFlags: 0
  m_CorrespondingSourceObject: {fileID: 0}
  m_PrefabInstance: {fileID: 0}
  m_PrefabAsset: {fileID: 0}
  m_GameObject: {fileID: 6890959256564195186}
  m_LocalRotation: {x: -0.5383288, y: -0.018519573, z: 0.539309, w: 0.64730585}
  m_LocalPosition: {x: -0.006269, y: -0.031210998, z: 0.024066}
  m_LocalScale: {x: 1, y: 1, z: 1}
  m_Children:
  - {fileID: 2647759907551907372}
  m_Father: {fileID: 7475965815968013770}
  m_RootOrder: 1
  m_LocalEulerAnglesHint: {x: 0, y: 0, z: 0}
--- !u!1 &7004905440848930671
GameObject:
  m_ObjectHideFlags: 0
  m_CorrespondingSourceObject: {fileID: 0}
  m_PrefabInstance: {fileID: 0}
  m_PrefabAsset: {fileID: 0}
  serializedVersion: 6
  m_Component:
  - component: {fileID: 3130098931527737681}
  m_Layer: 0
  m_Name: B-hips
  m_TagString: Untagged
  m_Icon: {fileID: 0}
  m_NavMeshLayer: 0
  m_StaticEditorFlags: 0
  m_IsActive: 1
--- !u!4 &3130098931527737681
Transform:
  m_ObjectHideFlags: 0
  m_CorrespondingSourceObject: {fileID: 0}
  m_PrefabInstance: {fileID: 0}
  m_PrefabAsset: {fileID: 0}
  m_GameObject: {fileID: 7004905440848930671}
  m_LocalRotation: {x: 0, y: 0.7071068, z: 0, w: 0.7071068}
  m_LocalPosition: {x: -0.023889, y: 0, z: 0.99149}
  m_LocalScale: {x: 1, y: 1, z: 1}
  m_Children:
  - {fileID: 933339981847115860}
  - {fileID: 8301365923840522372}
  - {fileID: 1887396381665037267}
  m_Father: {fileID: 966958876409445633}
  m_RootOrder: 0
  m_LocalEulerAnglesHint: {x: 0, y: 0, z: 0}
--- !u!1 &7210505791168260975
GameObject:
  m_ObjectHideFlags: 0
  m_CorrespondingSourceObject: {fileID: 0}
  m_PrefabInstance: {fileID: 0}
  m_PrefabAsset: {fileID: 0}
  serializedVersion: 6
  m_Component:
  - component: {fileID: 4494315350366056767}
  m_Layer: 0
  m_Name: Geometry
  m_TagString: Untagged
  m_Icon: {fileID: 0}
  m_NavMeshLayer: 0
  m_StaticEditorFlags: 0
  m_IsActive: 1
--- !u!4 &4494315350366056767
Transform:
  m_ObjectHideFlags: 0
  m_CorrespondingSourceObject: {fileID: 0}
  m_PrefabInstance: {fileID: 0}
  m_PrefabAsset: {fileID: 0}
  m_GameObject: {fileID: 7210505791168260975}
  m_LocalRotation: {x: -0.7071068, y: 0, z: -0, w: 0.7071068}
  m_LocalPosition: {x: -0, y: 0, z: 0}
  m_LocalScale: {x: 1, y: 1, z: 1}
  m_Children:
  - {fileID: 7987891477595503708}
  m_Father: {fileID: 8984815770491683506}
  m_RootOrder: 3
  m_LocalEulerAnglesHint: {x: 0, y: 0, z: 0}
--- !u!1 &7332783259906479657
GameObject:
  m_ObjectHideFlags: 0
  m_CorrespondingSourceObject: {fileID: 0}
  m_PrefabInstance: {fileID: 0}
  m_PrefabAsset: {fileID: 0}
  serializedVersion: 6
  m_Component:
  - component: {fileID: 8403089544283408981}
  m_Layer: 0
  m_Name: B-f_ring_03.L
  m_TagString: Untagged
  m_Icon: {fileID: 0}
  m_NavMeshLayer: 0
  m_StaticEditorFlags: 0
  m_IsActive: 1
--- !u!4 &8403089544283408981
Transform:
  m_ObjectHideFlags: 0
  m_CorrespondingSourceObject: {fileID: 0}
  m_PrefabInstance: {fileID: 0}
  m_PrefabAsset: {fileID: 0}
  m_GameObject: {fileID: 7332783259906479657}
  m_LocalRotation: {x: 0.011127848, y: -0.0008177748, z: -0.00016020662, w: 0.9999378}
  m_LocalPosition: {x: -0.038450997, y: 0, z: 0}
  m_LocalScale: {x: 1, y: 1, z: 1}
  m_Children: []
  m_Father: {fileID: 8300268203482593034}
  m_RootOrder: 0
  m_LocalEulerAnglesHint: {x: 0, y: 0, z: 0}
--- !u!1 &7558713849090666967
GameObject:
  m_ObjectHideFlags: 0
  m_CorrespondingSourceObject: {fileID: 0}
  m_PrefabInstance: {fileID: 0}
  m_PrefabAsset: {fileID: 0}
  serializedVersion: 6
  m_Component:
  - component: {fileID: 8365728556634558714}
  m_Layer: 0
  m_Name: B-f_ring_02.R
  m_TagString: Untagged
  m_Icon: {fileID: 0}
  m_NavMeshLayer: 0
  m_StaticEditorFlags: 0
  m_IsActive: 1
--- !u!4 &8365728556634558714
Transform:
  m_ObjectHideFlags: 0
  m_CorrespondingSourceObject: {fileID: 0}
  m_PrefabInstance: {fileID: 0}
  m_PrefabAsset: {fileID: 0}
  m_GameObject: {fileID: 7558713849090666967}
  m_LocalRotation: {x: 0.016417721, y: -0.084423155, z: -0.0011921921, w: 0.996294}
  m_LocalPosition: {x: -0.038969, y: 0, z: 0}
  m_LocalScale: {x: 1, y: 1, z: 1}
  m_Children:
  - {fileID: 5200974653701525790}
  m_Father: {fileID: 1328577179197258104}
  m_RootOrder: 0
  m_LocalEulerAnglesHint: {x: 0, y: 0, z: 0}
--- !u!1 &7745390310359656286
GameObject:
  m_ObjectHideFlags: 0
  m_CorrespondingSourceObject: {fileID: 0}
  m_PrefabInstance: {fileID: 0}
  m_PrefabAsset: {fileID: 0}
  serializedVersion: 6
  m_Component:
  - component: {fileID: 3263489719334158920}
  m_Layer: 0
  m_Name: B-f_middle_01.R
  m_TagString: Untagged
  m_Icon: {fileID: 0}
  m_NavMeshLayer: 0
  m_StaticEditorFlags: 0
  m_IsActive: 1
--- !u!4 &3263489719334158920
Transform:
  m_ObjectHideFlags: 0
  m_CorrespondingSourceObject: {fileID: 0}
  m_PrefabInstance: {fileID: 0}
  m_PrefabAsset: {fileID: 0}
  m_GameObject: {fileID: 7745390310359656286}
  m_LocalRotation: {x: -0.011954633, y: 0.22236152, z: -0.043113668, w: 0.9739372}
  m_LocalPosition: {x: -0.083335996, y: 0, z: 0}
  m_LocalScale: {x: 1, y: 1, z: 1}
  m_Children:
  - {fileID: 734598921930184706}
  m_Father: {fileID: 4053125084927951299}
  m_RootOrder: 0
  m_LocalEulerAnglesHint: {x: 0, y: 0, z: 0}
--- !u!1 &8071701288780850854
GameObject:
  m_ObjectHideFlags: 0
  m_CorrespondingSourceObject: {fileID: 0}
  m_PrefabInstance: {fileID: 0}
  m_PrefabAsset: {fileID: 0}
  serializedVersion: 6
  m_Component:
  - component: {fileID: 1720195390924094934}
  m_Layer: 0
  m_Name: B-f_index_02.L
  m_TagString: Untagged
  m_Icon: {fileID: 0}
  m_NavMeshLayer: 0
  m_StaticEditorFlags: 0
  m_IsActive: 1
--- !u!4 &1720195390924094934
Transform:
  m_ObjectHideFlags: 0
  m_CorrespondingSourceObject: {fileID: 0}
  m_PrefabInstance: {fileID: 0}
  m_PrefabAsset: {fileID: 0}
  m_GameObject: {fileID: 8071701288780850854}
  m_LocalRotation: {x: 0.002152774, y: -0.05623975, z: -0.0015315317, w: 0.9984138}
  m_LocalPosition: {x: -0.038326, y: 0, z: 0}
  m_LocalScale: {x: 1, y: 1, z: 1}
  m_Children:
  - {fileID: 2122962744238295546}
  m_Father: {fileID: 5404608242157663751}
  m_RootOrder: 0
  m_LocalEulerAnglesHint: {x: 0, y: 0, z: 0}
--- !u!1 &8102711503298602510
GameObject:
  m_ObjectHideFlags: 0
  m_CorrespondingSourceObject: {fileID: 0}
  m_PrefabInstance: {fileID: 0}
  m_PrefabAsset: {fileID: 0}
  serializedVersion: 6
  m_Component:
  - component: {fileID: 1265605709937505774}
  m_Layer: 0
  m_Name: B-f_pinky_02.L
  m_TagString: Untagged
  m_Icon: {fileID: 0}
  m_NavMeshLayer: 0
  m_StaticEditorFlags: 0
  m_IsActive: 1
--- !u!4 &1265605709937505774
Transform:
  m_ObjectHideFlags: 0
  m_CorrespondingSourceObject: {fileID: 0}
  m_PrefabInstance: {fileID: 0}
  m_PrefabAsset: {fileID: 0}
  m_GameObject: {fileID: 8102711503298602510}
  m_LocalRotation: {x: -0.009864241, y: -0.040002085, z: -0.02597179, w: 0.99881333}
  m_LocalPosition: {x: -0.041692, y: 0, z: 0}
  m_LocalScale: {x: 1, y: 1, z: 1}
  m_Children:
  - {fileID: 3317366138716231761}
  m_Father: {fileID: 5199252484473467064}
  m_RootOrder: 0
  m_LocalEulerAnglesHint: {x: 0, y: 0, z: 0}
--- !u!1 &8177541796401645903
GameObject:
  m_ObjectHideFlags: 0
  m_CorrespondingSourceObject: {fileID: 0}
  m_PrefabInstance: {fileID: 0}
  m_PrefabAsset: {fileID: 0}
  serializedVersion: 6
  m_Component:
  - component: {fileID: 1997383907699244858}
  m_Layer: 0
  m_Name: B-palm_04.R
  m_TagString: Untagged
  m_Icon: {fileID: 0}
  m_NavMeshLayer: 0
  m_StaticEditorFlags: 0
  m_IsActive: 1
--- !u!4 &1997383907699244858
Transform:
  m_ObjectHideFlags: 0
  m_CorrespondingSourceObject: {fileID: 0}
  m_PrefabInstance: {fileID: 0}
  m_PrefabAsset: {fileID: 0}
  m_GameObject: {fileID: 8177541796401645903}
  m_LocalRotation: {x: 0.049944714, y: 0.06262834, z: -0.07398395, w: 0.99403703}
  m_LocalPosition: {x: -0.095152, y: 0.043863, z: -0.000203}
  m_LocalScale: {x: 1, y: 1, z: 1}
  m_Children:
  - {fileID: 4803796678885135161}
  m_Father: {fileID: 5597483564076369298}
  m_RootOrder: 3
  m_LocalEulerAnglesHint: {x: 0, y: 0, z: 0}
--- !u!1 &8303961771689235367
GameObject:
  m_ObjectHideFlags: 0
  m_CorrespondingSourceObject: {fileID: 0}
  m_PrefabInstance: {fileID: 0}
  m_PrefabAsset: {fileID: 0}
  serializedVersion: 6
  m_Component:
  - component: {fileID: 3814310611217117828}
  m_Layer: 0
  m_Name: B-f_middle_03.L
  m_TagString: Untagged
  m_Icon: {fileID: 0}
  m_NavMeshLayer: 0
  m_StaticEditorFlags: 0
  m_IsActive: 1
--- !u!4 &3814310611217117828
Transform:
  m_ObjectHideFlags: 0
  m_CorrespondingSourceObject: {fileID: 0}
  m_PrefabInstance: {fileID: 0}
  m_PrefabAsset: {fileID: 0}
  m_GameObject: {fileID: 8303961771689235367}
  m_LocalRotation: {x: 0.008808772, y: -0.0056415815, z: -0.0003525967, w: 0.9999452}
  m_LocalPosition: {x: -0.042021, y: 0, z: 0}
  m_LocalScale: {x: 1, y: 1, z: 1}
  m_Children: []
  m_Father: {fileID: 8914457410567949117}
  m_RootOrder: 0
  m_LocalEulerAnglesHint: {x: 0, y: 0, z: 0}
--- !u!1 &8366943801717611749
GameObject:
  m_ObjectHideFlags: 0
  m_CorrespondingSourceObject: {fileID: 0}
  m_PrefabInstance: {fileID: 0}
  m_PrefabAsset: {fileID: 0}
  serializedVersion: 6
  m_Component:
  - component: {fileID: 5911570510923032246}
  m_Layer: 0
  m_Name: B-shoulder.L
  m_TagString: Untagged
  m_Icon: {fileID: 0}
  m_NavMeshLayer: 0
  m_StaticEditorFlags: 0
  m_IsActive: 1
--- !u!4 &5911570510923032246
Transform:
  m_ObjectHideFlags: 0
  m_CorrespondingSourceObject: {fileID: 0}
  m_PrefabInstance: {fileID: 0}
  m_PrefabAsset: {fileID: 0}
  m_GameObject: {fileID: 8366943801717611749}
  m_LocalRotation: {x: 0.4998996, y: 0.50023127, z: -0.5001003, w: -0.49976873}
  m_LocalPosition: {x: -0.2633, y: -0.0183, z: 0}
  m_LocalScale: {x: 1, y: 1, z: 1}
  m_Children:
  - {fileID: 7203432572212069060}
  m_Father: {fileID: 6618232536166717750}
  m_RootOrder: 1
  m_LocalEulerAnglesHint: {x: 0, y: 0, z: 0}
--- !u!1 &8522976401994764817
GameObject:
  m_ObjectHideFlags: 0
  m_CorrespondingSourceObject: {fileID: 0}
  m_PrefabInstance: {fileID: 0}
  m_PrefabAsset: {fileID: 0}
  serializedVersion: 6
  m_Component:
  - component: {fileID: 3557091955952024295}
  m_Layer: 0
  m_Name: B-forearm.R
  m_TagString: Untagged
  m_Icon: {fileID: 0}
  m_NavMeshLayer: 0
  m_StaticEditorFlags: 0
  m_IsActive: 1
--- !u!4 &3557091955952024295
Transform:
  m_ObjectHideFlags: 0
  m_CorrespondingSourceObject: {fileID: 0}
  m_PrefabInstance: {fileID: 0}
  m_PrefabAsset: {fileID: 0}
  m_GameObject: {fileID: 8522976401994764817}
  m_LocalRotation: {x: 0.0051670554, y: 0.031706702, z: -0.0008784296, w: 0.9994835}
  m_LocalPosition: {x: -0.299722, y: 0, z: 0}
  m_LocalScale: {x: 1, y: 1, z: 1}
  m_Children:
  - {fileID: 5597483564076369298}
  m_Father: {fileID: 7873546793843622560}
  m_RootOrder: 0
  m_LocalEulerAnglesHint: {x: 0, y: 0, z: 0}
--- !u!1 &8619349910326477182
GameObject:
  m_ObjectHideFlags: 0
  m_CorrespondingSourceObject: {fileID: 0}
  m_PrefabInstance: {fileID: 0}
  m_PrefabAsset: {fileID: 0}
  serializedVersion: 6
  m_Component:
  - component: {fileID: 966958876409445633}
  m_Layer: 0
  m_Name: root
  m_TagString: Untagged
  m_Icon: {fileID: 0}
  m_NavMeshLayer: 0
  m_StaticEditorFlags: 0
  m_IsActive: 1
--- !u!4 &966958876409445633
Transform:
  m_ObjectHideFlags: 0
  m_CorrespondingSourceObject: {fileID: 0}
  m_PrefabInstance: {fileID: 0}
  m_PrefabAsset: {fileID: 0}
  m_GameObject: {fileID: 8619349910326477182}
  m_LocalRotation: {x: 0, y: 0, z: -0.7071068, w: 0.7071068}
  m_LocalPosition: {x: -0, y: 0, z: 0}
  m_LocalScale: {x: 1, y: 1, z: 1}
  m_Children:
  - {fileID: 3130098931527737681}
  m_Father: {fileID: 4837336304037350553}
  m_RootOrder: 0
  m_LocalEulerAnglesHint: {x: 0, y: 0, z: 0}
--- !u!1 &8645691902245230600
GameObject:
  m_ObjectHideFlags: 0
  m_CorrespondingSourceObject: {fileID: 0}
  m_PrefabInstance: {fileID: 0}
  m_PrefabAsset: {fileID: 0}
  serializedVersion: 6
  m_Component:
  - component: {fileID: 8984815770491683506}
  - component: {fileID: 3049032065971509448}
  - component: {fileID: 5841879900493646573}
  - component: {fileID: 5841879900493646570}
  - component: {fileID: 5841879900493646575}
  - component: {fileID: 8645691902245230602}
  m_Layer: 0
  m_Name: You
  m_TagString: Player
  m_Icon: {fileID: 0}
  m_NavMeshLayer: 0
  m_StaticEditorFlags: 0
  m_IsActive: 1
--- !u!4 &8984815770491683506
Transform:
  m_ObjectHideFlags: 0
  m_CorrespondingSourceObject: {fileID: 0}
  m_PrefabInstance: {fileID: 0}
  m_PrefabAsset: {fileID: 0}
  m_GameObject: {fileID: 8645691902245230600}
  m_LocalRotation: {x: 0, y: 0, z: 0, w: 1}
  m_LocalPosition: {x: -101.05124, y: 49.075264, z: -480.62622}
  m_LocalScale: {x: 1, y: 1, z: 1}
  m_Children:
  - {fileID: 401190852174464734}
  - {fileID: 5276012920583601157}
  - {fileID: 5841879900169408213}
  - {fileID: 4494315350366056767}
  - {fileID: 4837336304037350553}
  - {fileID: 5841879899041044148}
  m_Father: {fileID: 0}
  m_RootOrder: 0
  m_LocalEulerAnglesHint: {x: 0, y: 0, z: 0}
--- !u!95 &3049032065971509448
Animator:
  serializedVersion: 3
  m_ObjectHideFlags: 0
  m_CorrespondingSourceObject: {fileID: 0}
  m_PrefabInstance: {fileID: 0}
  m_PrefabAsset: {fileID: 0}
  m_GameObject: {fileID: 8645691902245230600}
  m_Enabled: 1
  m_Avatar: {fileID: 9000000, guid: 8ed68a3a383765a4bb2001de21d699c1, type: 3}
  m_Controller: {fileID: 9100000, guid: 468e00031e6a05e498b55f8809463ffb, type: 2}
  m_CullingMode: 1
  m_UpdateMode: 0
  m_ApplyRootMotion: 1
  m_LinearVelocityBlending: 0
  m_WarningMessage: 
  m_HasTransformHierarchy: 1
  m_AllowConstantClipSamplingOptimization: 1
  m_KeepAnimatorControllerStateOnDisable: 0
--- !u!143 &5841879900493646573
CharacterController:
  m_ObjectHideFlags: 0
  m_CorrespondingSourceObject: {fileID: 0}
  m_PrefabInstance: {fileID: 0}
  m_PrefabAsset: {fileID: 0}
  m_GameObject: {fileID: 8645691902245230600}
  m_Material: {fileID: 0}
  m_IsTrigger: 0
  m_Enabled: 1
  serializedVersion: 2
  m_Height: 2
  m_Radius: 0.5
  m_SlopeLimit: 45
  m_StepOffset: 0.3
  m_SkinWidth: 0.08
  m_MinMoveDistance: 0.001
  m_Center: {x: 0, y: 0.91, z: 0}
--- !u!114 &5841879900493646570
MonoBehaviour:
  m_ObjectHideFlags: 0
  m_CorrespondingSourceObject: {fileID: 0}
  m_PrefabInstance: {fileID: 0}
  m_PrefabAsset: {fileID: 0}
  m_GameObject: {fileID: 8645691902245230600}
  m_Enabled: 1
  m_EditorHideFlags: 0
  m_Script: {fileID: 11500000, guid: 8f5721f45a4372242a249d3bb70958a8, type: 3}
  m_Name: 
  m_EditorClassIdentifier: 
  controller: {fileID: 5841879900493646573}
  moveController: {fileID: 3049032065971509448}
  speed: 5
  gravity: -9.18
  jumpHeight: 10
  groundCheck: {fileID: 5841879899041044148}
  groundDistance: 0.4
  groundMask:
    serializedVersion: 2
    m_Bits: 256
--- !u!114 &5841879900493646575
MonoBehaviour:
  m_ObjectHideFlags: 0
  m_CorrespondingSourceObject: {fileID: 0}
  m_PrefabInstance: {fileID: 0}
  m_PrefabAsset: {fileID: 0}
  m_GameObject: {fileID: 8645691902245230600}
  m_Enabled: 1
  m_EditorHideFlags: 0
  m_Script: {fileID: 11500000, guid: 0fa10a482bf843f42a7451414ae0b057, type: 3}
  m_Name: 
  m_EditorClassIdentifier: 
  clampInDegrees: {x: 360, y: 180}
  lockCursor: 0
  sensitivity: {x: 2, y: 2}
  smoothing: {x: 3, y: 3}
  targetDirection: {x: 0, y: 0}
--- !u!136 &8645691902245230602
CapsuleCollider:
  m_ObjectHideFlags: 0
  m_CorrespondingSourceObject: {fileID: 0}
  m_PrefabInstance: {fileID: 0}
  m_PrefabAsset: {fileID: 0}
  m_GameObject: {fileID: 8645691902245230600}
  m_Material: {fileID: 0}
  m_IsTrigger: 1
  m_Enabled: 1
  m_Radius: 0.31
  m_Height: 1.78
  m_Direction: 1
  m_Center: {x: 0, y: 1.05, z: 0}
--- !u!1 &8690353879267018064
GameObject:
  m_ObjectHideFlags: 0
  m_CorrespondingSourceObject: {fileID: 0}
  m_PrefabInstance: {fileID: 0}
  m_PrefabAsset: {fileID: 0}
  serializedVersion: 6
  m_Component:
  - component: {fileID: 8603656625112436411}
  m_Layer: 0
  m_Name: B-jaw
  m_TagString: Untagged
  m_Icon: {fileID: 0}
  m_NavMeshLayer: 0
  m_StaticEditorFlags: 0
  m_IsActive: 1
--- !u!4 &8603656625112436411
Transform:
  m_ObjectHideFlags: 0
  m_CorrespondingSourceObject: {fileID: 0}
  m_PrefabInstance: {fileID: 0}
  m_PrefabAsset: {fileID: 0}
  m_GameObject: {fileID: 8690353879267018064}
  m_LocalRotation: {x: -0.5599892, y: -3.428945e-17, z: 0.8284999, w: -5.0730987e-17}
  m_LocalPosition: {x: -0.003391, y: 0, z: 0.058934998}
  m_LocalScale: {x: 1, y: 1, z: 1}
  m_Children: []
  m_Father: {fileID: 993131008667064179}
  m_RootOrder: 0
  m_LocalEulerAnglesHint: {x: 0, y: 0, z: 0}
--- !u!1 &8763006224319811463
GameObject:
  m_ObjectHideFlags: 0
  m_CorrespondingSourceObject: {fileID: 0}
  m_PrefabInstance: {fileID: 0}
  m_PrefabAsset: {fileID: 0}
  serializedVersion: 6
  m_Component:
  - component: {fileID: 7591222197179521364}
  m_Layer: 0
  m_Name: B-toe.R
  m_TagString: Untagged
  m_Icon: {fileID: 0}
  m_NavMeshLayer: 0
  m_StaticEditorFlags: 0
  m_IsActive: 1
--- !u!4 &7591222197179521364
Transform:
  m_ObjectHideFlags: 0
  m_CorrespondingSourceObject: {fileID: 0}
  m_PrefabInstance: {fileID: 0}
  m_PrefabAsset: {fileID: 0}
  m_GameObject: {fileID: 8763006224319811463}
  m_LocalRotation: {x: 0.940551, y: 0.0006113166, z: 0.33949566, w: 0.01030304}
  m_LocalPosition: {x: -0.17386998, y: 0, z: 0}
  m_LocalScale: {x: 1, y: 1, z: 1}
  m_Children: []
  m_Father: {fileID: 7497209501394068625}
  m_RootOrder: 0
  m_LocalEulerAnglesHint: {x: 0, y: 0, z: 0}
--- !u!1 &8770161759480219463
GameObject:
  m_ObjectHideFlags: 0
  m_CorrespondingSourceObject: {fileID: 0}
  m_PrefabInstance: {fileID: 0}
  m_PrefabAsset: {fileID: 0}
  serializedVersion: 6
  m_Component:
  - component: {fileID: 7497209501394068625}
  m_Layer: 0
  m_Name: B-foot.R
  m_TagString: Untagged
  m_Icon: {fileID: 0}
  m_NavMeshLayer: 0
  m_StaticEditorFlags: 0
  m_IsActive: 1
--- !u!4 &7497209501394068625
Transform:
  m_ObjectHideFlags: 0
  m_CorrespondingSourceObject: {fileID: 0}
  m_PrefabInstance: {fileID: 0}
  m_PrefabAsset: {fileID: 0}
  m_GameObject: {fileID: 8770161759480219463}
  m_LocalRotation: {x: 0.029670518, y: -0.50401926, z: 0.01566997, w: 0.86304045}
  m_LocalPosition: {x: -0.38628897, y: 0.0010149999, z: 0.000031}
  m_LocalScale: {x: 1, y: 1, z: 1}
  m_Children:
  - {fileID: 7591222197179521364}
  m_Father: {fileID: 6972365576048873224}
  m_RootOrder: 0
  m_LocalEulerAnglesHint: {x: 0, y: 0, z: 0}
--- !u!1 &8775590552431408690
GameObject:
  m_ObjectHideFlags: 0
  m_CorrespondingSourceObject: {fileID: 0}
  m_PrefabInstance: {fileID: 0}
  m_PrefabAsset: {fileID: 0}
  serializedVersion: 6
  m_Component:
  - component: {fileID: 1094291818095369715}
  m_Layer: 0
  m_Name: B-thumb_01.L
  m_TagString: Untagged
  m_Icon: {fileID: 0}
  m_NavMeshLayer: 0
  m_StaticEditorFlags: 0
  m_IsActive: 1
--- !u!4 &1094291818095369715
Transform:
  m_ObjectHideFlags: 0
  m_CorrespondingSourceObject: {fileID: 0}
  m_PrefabInstance: {fileID: 0}
  m_PrefabAsset: {fileID: 0}
  m_GameObject: {fileID: 8775590552431408690}
  m_LocalRotation: {x: 0.5383288, y: -0.018519573, z: -0.539309, w: 0.64730585}
  m_LocalPosition: {x: -0.006269, y: 0.031210998, z: 0.024066998}
  m_LocalScale: {x: 1, y: 1, z: 1}
  m_Children:
  - {fileID: 5262180848595134460}
  m_Father: {fileID: 7356778071059966515}
  m_RootOrder: 1
  m_LocalEulerAnglesHint: {x: 0, y: 0, z: 0}
--- !u!1 &8796250630910725406
GameObject:
  m_ObjectHideFlags: 0
  m_CorrespondingSourceObject: {fileID: 0}
  m_PrefabInstance: {fileID: 0}
  m_PrefabAsset: {fileID: 0}
  serializedVersion: 6
  m_Component:
  - component: {fileID: 7475965815968013770}
  m_Layer: 0
  m_Name: B-palm_01.R
  m_TagString: Untagged
  m_Icon: {fileID: 0}
  m_NavMeshLayer: 0
  m_StaticEditorFlags: 0
  m_IsActive: 1
--- !u!4 &7475965815968013770
Transform:
  m_ObjectHideFlags: 0
  m_CorrespondingSourceObject: {fileID: 0}
  m_PrefabInstance: {fileID: 0}
  m_PrefabAsset: {fileID: 0}
  m_GameObject: {fileID: 8796250630910725406}
  m_LocalRotation: {x: 0.046093307, y: -0.0012885556, z: 0.04484089, w: 0.9979294}
  m_LocalPosition: {x: -0.102531, y: -0.040784, z: -0.0027869998}
  m_LocalScale: {x: 1, y: 1, z: 1}
  m_Children:
  - {fileID: 3061174612968053110}
  - {fileID: 2851080332997825465}
  m_Father: {fileID: 5597483564076369298}
  m_RootOrder: 0
  m_LocalEulerAnglesHint: {x: 0, y: 0, z: 0}
--- !u!1 &8835801779841419112
GameObject:
  m_ObjectHideFlags: 0
  m_CorrespondingSourceObject: {fileID: 0}
  m_PrefabInstance: {fileID: 0}
  m_PrefabAsset: {fileID: 0}
  serializedVersion: 6
  m_Component:
  - component: {fileID: 7850308453056596300}
  m_Layer: 0
  m_Name: B-f_pinky_03.R
  m_TagString: Untagged
  m_Icon: {fileID: 0}
  m_NavMeshLayer: 0
  m_StaticEditorFlags: 0
  m_IsActive: 1
--- !u!4 &7850308453056596300
Transform:
  m_ObjectHideFlags: 0
  m_CorrespondingSourceObject: {fileID: 0}
  m_PrefabInstance: {fileID: 0}
  m_PrefabAsset: {fileID: 0}
  m_GameObject: {fileID: 8835801779841419112}
  m_LocalRotation: {x: -0.0091647385, y: -0.008686876, z: 0.0025800713, w: 0.999917}
  m_LocalPosition: {x: -0.028998999, y: 0, z: 0}
  m_LocalScale: {x: 1, y: 1, z: 1}
  m_Children: []
  m_Father: {fileID: 1533953467024745932}
  m_RootOrder: 0
  m_LocalEulerAnglesHint: {x: 0, y: 0, z: 0}
--- !u!1 &8849092137989985315
GameObject:
  m_ObjectHideFlags: 0
  m_CorrespondingSourceObject: {fileID: 0}
  m_PrefabInstance: {fileID: 0}
  m_PrefabAsset: {fileID: 0}
  serializedVersion: 6
  m_Component:
  - component: {fileID: 6209856446612364793}
  m_Layer: 0
  m_Name: B-f_ring_01.L
  m_TagString: Untagged
  m_Icon: {fileID: 0}
  m_NavMeshLayer: 0
  m_StaticEditorFlags: 0
  m_IsActive: 1
--- !u!4 &6209856446612364793
Transform:
  m_ObjectHideFlags: 0
  m_CorrespondingSourceObject: {fileID: 0}
  m_PrefabInstance: {fileID: 0}
  m_PrefabAsset: {fileID: 0}
  m_GameObject: {fileID: 8849092137989985315}
  m_LocalRotation: {x: 0.040932417, y: 0.18310452, z: 0.004160598, w: 0.98223215}
  m_LocalPosition: {x: -0.073382, y: 0, z: 0}
  m_LocalScale: {x: 1, y: 1, z: 1}
  m_Children:
  - {fileID: 8300268203482593034}
  m_Father: {fileID: 4746270946801788399}
  m_RootOrder: 0
  m_LocalEulerAnglesHint: {x: 0, y: 0, z: 0}
--- !u!1 &9059512652035206583
GameObject:
  m_ObjectHideFlags: 0
  m_CorrespondingSourceObject: {fileID: 0}
  m_PrefabInstance: {fileID: 0}
  m_PrefabAsset: {fileID: 0}
  serializedVersion: 6
  m_Component:
  - component: {fileID: 3061174612968053110}
  m_Layer: 0
  m_Name: B-f_index_01.R
  m_TagString: Untagged
  m_Icon: {fileID: 0}
  m_NavMeshLayer: 0
  m_StaticEditorFlags: 0
  m_IsActive: 1
--- !u!4 &3061174612968053110
Transform:
  m_ObjectHideFlags: 0
  m_CorrespondingSourceObject: {fileID: 0}
  m_PrefabInstance: {fileID: 0}
  m_PrefabAsset: {fileID: 0}
  m_GameObject: {fileID: 9059512652035206583}
  m_LocalRotation: {x: -0.042966038, y: 0.13054514, z: -0.029150097, w: 0.9900819}
  m_LocalPosition: {x: -0.081824, y: 0, z: 0}
  m_LocalScale: {x: 1, y: 1, z: 1}
  m_Children:
  - {fileID: 5091881540697912180}
  m_Father: {fileID: 7475965815968013770}
  m_RootOrder: 0
  m_LocalEulerAnglesHint: {x: 0, y: 0, z: 0}
--- !u!1 &9074332616431161368
GameObject:
  m_ObjectHideFlags: 0
  m_CorrespondingSourceObject: {fileID: 0}
  m_PrefabInstance: {fileID: 0}
  m_PrefabAsset: {fileID: 0}
  serializedVersion: 6
  m_Component:
  - component: {fileID: 2724020717947542111}
  m_Layer: 0
  m_Name: B-neck
  m_TagString: Untagged
  m_Icon: {fileID: 0}
  m_NavMeshLayer: 0
  m_StaticEditorFlags: 0
  m_IsActive: 1
--- !u!4 &2724020717947542111
Transform:
  m_ObjectHideFlags: 0
  m_CorrespondingSourceObject: {fileID: 0}
  m_PrefabInstance: {fileID: 0}
  m_PrefabAsset: {fileID: 0}
  m_GameObject: {fileID: 9074332616431161368}
  m_LocalRotation: {x: 0, y: 0.09107146, z: 0, w: 0.99584436}
  m_LocalPosition: {x: -0.269527, y: 0, z: 0}
  m_LocalScale: {x: 1, y: 1, z: 1}
  m_Children:
  - {fileID: 993131008667064179}
  m_Father: {fileID: 6618232536166717750}
  m_RootOrder: 0
  m_LocalEulerAnglesHint: {x: 0, y: 0, z: 0}
--- !u!1001 &396663058875049118
PrefabInstance:
  m_ObjectHideFlags: 0
  serializedVersion: 2
  m_Modification:
    m_TransformParent: {fileID: 8984815770491683506}
    m_Modifications:
    - target: {fileID: 1717406733745140, guid: d03c4353fda446d4f8df56d422578d64, type: 3}
      propertyPath: m_Name
      value: Wooden Bow
      objectReference: {fileID: 0}
    - target: {fileID: 4620178347958848, guid: d03c4353fda446d4f8df56d422578d64, type: 3}
      propertyPath: m_RootOrder
      value: 0
      objectReference: {fileID: 0}
    - target: {fileID: 4620178347958848, guid: d03c4353fda446d4f8df56d422578d64, type: 3}
      propertyPath: m_LocalPosition.x
      value: -0.3800125
      objectReference: {fileID: 0}
    - target: {fileID: 4620178347958848, guid: d03c4353fda446d4f8df56d422578d64, type: 3}
      propertyPath: m_LocalPosition.y
      value: 1.9269981
      objectReference: {fileID: 0}
    - target: {fileID: 4620178347958848, guid: d03c4353fda446d4f8df56d422578d64, type: 3}
      propertyPath: m_LocalPosition.z
      value: 0.8744812
      objectReference: {fileID: 0}
    - target: {fileID: 4620178347958848, guid: d03c4353fda446d4f8df56d422578d64, type: 3}
      propertyPath: m_LocalRotation.w
      value: -0.000000059604645
      objectReference: {fileID: 0}
    - target: {fileID: 4620178347958848, guid: d03c4353fda446d4f8df56d422578d64, type: 3}
      propertyPath: m_LocalRotation.x
      value: 0.7026992
      objectReference: {fileID: 0}
    - target: {fileID: 4620178347958848, guid: d03c4353fda446d4f8df56d422578d64, type: 3}
      propertyPath: m_LocalRotation.y
      value: 0.000000013271347
      objectReference: {fileID: 0}
    - target: {fileID: 4620178347958848, guid: d03c4353fda446d4f8df56d422578d64, type: 3}
      propertyPath: m_LocalRotation.z
      value: 0.71148705
      objectReference: {fileID: 0}
    - target: {fileID: 4620178347958848, guid: d03c4353fda446d4f8df56d422578d64, type: 3}
      propertyPath: m_LocalEulerAnglesHint.x
      value: 0
      objectReference: {fileID: 0}
    - target: {fileID: 4620178347958848, guid: d03c4353fda446d4f8df56d422578d64, type: 3}
      propertyPath: m_LocalEulerAnglesHint.y
      value: 90.00001
      objectReference: {fileID: 0}
    - target: {fileID: 4620178347958848, guid: d03c4353fda446d4f8df56d422578d64, type: 3}
      propertyPath: m_LocalEulerAnglesHint.z
      value: 90.00001
      objectReference: {fileID: 0}
    m_RemovedComponents: []
  m_SourcePrefab: {fileID: 100100000, guid: d03c4353fda446d4f8df56d422578d64, type: 3}
--- !u!4 &401190852174464734 stripped
Transform:
  m_CorrespondingSourceObject: {fileID: 4620178347958848, guid: d03c4353fda446d4f8df56d422578d64,
    type: 3}
  m_PrefabInstance: {fileID: 396663058875049118}
  m_PrefabAsset: {fileID: 0}
--- !u!1001 &5271518358090968309
PrefabInstance:
  m_ObjectHideFlags: 0
  serializedVersion: 2
  m_Modification:
    m_TransformParent: {fileID: 8984815770491683506}
    m_Modifications:
    - target: {fileID: 1959729250425484, guid: 5187dfa4d8f19524e8bbf7c6894b7de7, type: 3}
      propertyPath: m_Name
      value: CharArrow
      objectReference: {fileID: 0}
    - target: {fileID: 4534147065827568, guid: 5187dfa4d8f19524e8bbf7c6894b7de7, type: 3}
      propertyPath: m_RootOrder
      value: 1
      objectReference: {fileID: 0}
    - target: {fileID: 4534147065827568, guid: 5187dfa4d8f19524e8bbf7c6894b7de7, type: 3}
      propertyPath: m_LocalPosition.x
      value: -0.338
      objectReference: {fileID: 0}
    - target: {fileID: 4534147065827568, guid: 5187dfa4d8f19524e8bbf7c6894b7de7, type: 3}
      propertyPath: m_LocalPosition.y
      value: 1.698
      objectReference: {fileID: 0}
    - target: {fileID: 4534147065827568, guid: 5187dfa4d8f19524e8bbf7c6894b7de7, type: 3}
      propertyPath: m_LocalPosition.z
      value: 0.874
      objectReference: {fileID: 0}
    - target: {fileID: 4534147065827568, guid: 5187dfa4d8f19524e8bbf7c6894b7de7, type: 3}
      propertyPath: m_LocalRotation.w
      value: 0.7070931
      objectReference: {fileID: 0}
    - target: {fileID: 4534147065827568, guid: 5187dfa4d8f19524e8bbf7c6894b7de7, type: 3}
      propertyPath: m_LocalRotation.x
      value: 0.7070931
      objectReference: {fileID: 0}
    - target: {fileID: 4534147065827568, guid: 5187dfa4d8f19524e8bbf7c6894b7de7, type: 3}
      propertyPath: m_LocalRotation.y
      value: -0.004393909
      objectReference: {fileID: 0}
    - target: {fileID: 4534147065827568, guid: 5187dfa4d8f19524e8bbf7c6894b7de7, type: 3}
      propertyPath: m_LocalRotation.z
      value: 0.004393909
      objectReference: {fileID: 0}
    - target: {fileID: 4534147065827568, guid: 5187dfa4d8f19524e8bbf7c6894b7de7, type: 3}
      propertyPath: m_LocalEulerAnglesHint.x
      value: 90.00001
      objectReference: {fileID: 0}
    - target: {fileID: 4534147065827568, guid: 5187dfa4d8f19524e8bbf7c6894b7de7, type: 3}
      propertyPath: m_LocalEulerAnglesHint.y
      value: 0
      objectReference: {fileID: 0}
    - target: {fileID: 4534147065827568, guid: 5187dfa4d8f19524e8bbf7c6894b7de7, type: 3}
      propertyPath: m_LocalEulerAnglesHint.z
      value: 0.712
      objectReference: {fileID: 0}
    m_RemovedComponents: []
  m_SourcePrefab: {fileID: 100100000, guid: 5187dfa4d8f19524e8bbf7c6894b7de7, type: 3}
--- !u!4 &5276012920583601157 stripped
Transform:
  m_CorrespondingSourceObject: {fileID: 4534147065827568, guid: 5187dfa4d8f19524e8bbf7c6894b7de7,
    type: 3}
  m_PrefabInstance: {fileID: 5271518358090968309}
  m_PrefabAsset: {fileID: 0}
